1942 3380
916 257 1199 301 „52ss

228 388 430 417 munera«
462 385 649 436 prorsus
680 379 847 427 negata
879 370 1232 414 intercedentem
1265 370 1577 428 cognovimus.
1640 370 1740 416 Hoc
1770 372 1889 418 enim

227 430 357 476 amici
387 438 574 488 petitum
606 427 971 487 potissimum
1003 436 1111 472 erat.
1176 426 1392 474 Ceterum
1414 428 1451 474 si
1471 429 1610 474 »dona
1633 430 1783 474 beata«
1814 429 1889 475 illa

233 487 436 533 :Veneris
468 501 671 531 munera«
709 486 954 544 designare
991 485 1260 543 accipimus,
1298 485 1467 546 optime
1508 501 1671 532 versus
1707 501 1757 552 15
1788 502 1888 546 sqq.

225 546 542 602 adiunguntur.
606 544 720 598 Eos,
755 559 856 588 cum
889 544 1010 588 nulla
1049 543 1360 589 coniunctione
1397 545 1488 604 apti
1520 545 1630 598 sint,
1663 545 1889 595 artissime

226 619 326 649 cum
359 603 736 661 praecedentibus
768 601 1031 646 coniunctos
1063 616 1167 648 esse
1198 611 1400 660 apparet.
1936 606 1942 623 '³

363 799 413 844 Si
431 808 662 857 postremo
679 798 806 843 brevi
823 799 1146 843 commentario
1163 797 1374 843 carminis
1391 798 1600 843 LXV111=
1619 802 1710 854 (vv.
1735 805 1888 855 1—40)

224 866 492 915 argumenta
510 856 844 913 relationesque
859 871 1132 915 componere
1149 871 1378 912 conamur,
1401 857 1514 901 haec
1533 856 1647 902 effici
1662 857 1887 902 videmus:

364 926 586 976 Catullus,
620 926 692 983 qui
726 934 913 992 propter
952 926 1103 970 fratris
1143 935 1336 971 mortem
1379 926 1572 971 fortasse
1613 926 1655 970 in
1697 926 1888 985 patriam

225 984 450 1028 Veronam
483 985 693 1037 redierat,
725 985 828 1028 mde
857 984 1067 1028 versibus
1093 999 1232 1041 1——40
1261 983 1468 1029 carminis
1492 984 1683 1028 LXVIII
1706 999 1889 1043 respon-

221 1044 299 1087 det
330 1042 536 1087 litterulis
549 1046 581 1097 1)
613 1042 742 1086 amici
774 1041 910 1095 Malli,
944 1042 1019 1099 qui
1051 1042 1094 1086 in
1127 1043 1273 1087 vicino
1307 1041 1484 1087 Galliae
1520 1041 1782 1100 Cisalpinae
1814 1057 1890 1144 op·

223 1101 327 1159 pido
370 1100 613 1145 habitabat.
677 1100 719 1144 Is
757 1100 874 1144 enim
915 1100 1046 1156 gravi
1087 1115 1197 1144 casu
1237 1101 1434 1145 adverso
1474 1100 1668 1145 afflictus
1707 1099 1889 1145 Catulo

222 1158 478 1216 scripserat,
511 1167 559 1202 ut
582 1173 637 1202 eo
658 1158 901 1202 adiuvante
924 1158 1067 1212 malas
1089 1158 1389 1212 condiciones,
1419 1158 1460 1202 in
1485 1158 1651 1215 quibus
1676 1167 1770 1202 tum
1792 1173 1889 1203 ver-

222 1218 420 1268 sabatur,
443 1217 728 1260 eluctaretur.
777 1216 1070 1271 Querebatur
1091 1231 1206 1273 ergo
1227 1217 1348 1274 apud
1370 1224 1551 1274 poetam
1574 1215 1658 1261 sibi
1681 1231 1889 1262 somnum

222 1276 410 1326 deesse,
444 1289 578 1331 quem
611 1289 758 1331 neque
793 1274 983 1318 Veneris
1014 1274 1196 1331 gaudiis
1228 1274 1456 1318 adducere
1487 1283 1668 1332 posset,
1701 1274 1806 1333 quia
1837 1289 1889 1319 se

222 1348 379 1377 eorum
402 1333 444 1376 in
467 1347 687 1390 praesens
709 1333 928 1385 taederet,
961 1329 1109 1390 atque‘
1120 1332 1342 1376 insomnia
1365 1347 1415 1377 se
1438 1332 1596 1376 levare
1625 1347 1714 1376 non
1767 1347 1887 1383 osse,

221 1406 321 1435 eum
355 1400 536 1434 veteres
552 1399 729 1449 poetae,
754 1390 828 1447 qui
850 1390 934 1434 soli
957 1391 1040 1435 sibi
1063 1398 1230 1443 essent,
1263 1390 1370 1435 odio
1392 1390 1479 1434 iam
1502 1389 1677 1435 fierent.
1751 1398 1888 1448 taque

223 1448 452 1493 Catullum
484 1448 643 1498 oravit,
684 1457 732 1492 ut
763 1448 848 1492 sibi
893 1457 937 1492 et
980 1463 1183 1492 >munera
1214 1448 1428 1492 Veneris«
1469 1457 1514 1492 et
1555 1463 1762 1492 »munera
1793 1448 1888 1492 Mu-

220 1522 392 1551 sarum«
423 1506 683 1559 vindicaret,
718 1506 742 1550 i.
777 1521 815 1550 e.
852 1508 892 1562 1)
924 1515 972 1550 ut
1003 1507 1060 1550 ad
1093 1521 1144 1551 se
1176 1506 1352 1550 veniret
1379 1505 1577 1563 Verona,
1611 1506 1734 1564 quod
1766 1506 1888 1565 oppi-

221 1566 375 1608 dulum
419 1564 759 1609 severissimum
798 1565 917 1608 laeto
954 1573 1118 1622 poetae
1158 1564 1308 1608 animo
1352 1579 1409 1608 ex
1453 1564 1553 1622 ipso
1597 1579 1687 1608 non
1761 1572 1890 1609 osset

221 1623 414 1680 placere,
448 1637 592 1680 seque
615 1622 672 1666 ad
695 1637 840 1666 novos
861 1622 1066 1667 incitaret
1088 1637 1281 1676 amores,
1316 1630 1360 1666 et
1387 1624 1432 1677 2)
1454 1630 1502 1666 ut
1524 1637 1680 1666 secum
1703 1637 1729 1666 a
1767 1630 1888 1667 erret

219 1696 338 1725 nova
383 1681 525 1739 ipsius
571 1680 853 1737 aliorumque
910 1689 1135 1738 poemata.
1214 1679 1302 1724 Cui
1357 1680 1607 1738 respondet
1655 1679 1887 1725 Catullus:

225 1746 262 1790 1)
293 1739 378 1783 sibi
408 1738 558 1782 fratris
590 1746 735 1782 morte
766 1738 1030 1782 contristato
1061 1738 1229 1782 nullam
1252 1738 1296 1782 in
1318 1738 1516 1782 »studiis«
1543 1738 1712 1782 amoris
1734 1739 1887 1796 volup-

220 1806 358 1841 tatem
392 1811 496 1840 esse
526 1796 722 1853 ideoque
754 1810 805 1840 se
835 1796 986 1854 potius
1019 1795 1229 1840 Veronae
1262 1796 1451 1850 morari;
1484 1804 1530 1841 et
1561 1798 1606 1853 2)
1639 1797 1762 1855 quod
1784 1804 1889 1854 poe-

220 1864 341 1899 mata
371 1855 578 1908 attineat,
619 1868 671 1898 se
712 1869 901 1912 parvam
934 1862 1106 1898 tantum
1138 1854 1314 1912 copiam
1347 1868 1503 1898 secum
1547 1855 1739 1908 habere,
1782 1854 1888 1912 quia

219 1913 306 1957 alia
329 1912 502 1957 Romae
533 1912 845 1956 remanserint.
908 1912 1122 1969 Ignoscat
1153 1926 1282 1969 ergo,
1316 1926 1419 1956 cum
1451 1912 1512 1956 ita
1534 1927 1586 1956 se
1608 1927 1684 1956 res
1705 1913 1886 1966 habeat,

220 1971 403 2024 amicus,
434 1971 471 2014 si
504 1985 591 2014 non
625 1978 878 2028 utrumque,
912 1970 993 2014 sed
1026 1970 1293 2014 alterutrum
1326 1969 1482 2024 modo,
1525 1978 1737 2028 poemata
1768 1970 1889 2015 illius

221 2029 350 2072 unius
382 2044 434 2073 ca
468 2029 613 2081 sulae,
646 2027 790 2072 oranti
823 2028 979 2072 mittat.
1042 2027 1090 2072 Si
1124 2028 1243 2072 enim
1275 2037 1447 2085 posset,
1481 2043 1531 2072 se
1563 2043 1646 2072 sua
1678 2031 1887 2086 spontess)

218 2095 372 2144 optata
454 2087 558 2131 allio
590 2086 842 2130 delaturum
874 2086 1026 2131 fuisse.

363 2492 386 2536 ¹)
412 2493 502 2528 Veri
529 2492 764 2528 simillimum
784 2498 843 2528 est
860 2492 963 2528 Malli
989 2492 1208 2538 epistolium
1234 2491 1471 2527 versibus
1489 2491 1749 2537 conscriptum
1769 2491 1888 2527 fuisse

217 2539 402 2578 ‹Munro
456 2567 463 2574 .
493 2551 574 2583 170,
611 2539 727 2575 Birt·
758 2550 794 2585 p.
819 2539 902 2585 3l4)-
953 2538 1026 2574 Hic
1057 2538 1160 2574 enim
1198 2549 1284 2582 mos
1315 2545 1400 2574 erat
1434 2538 1533 2574 inter
1567 2537 1707 2574 Catulli
1740 2538 1889 2574 amicos

217 2585 276 2628 (cf.
290 2597 319 2621 c.
335 2550 563 2629 xxffivm).
590 2585 678 2630 Quo
695 2585 811 2621 etiam
831 2586 1057 2630 declaratur,
1075 2596 1142 2621 cur
1156 2584 1330 2621 Catullus
1348 2584 1539 2637 tristis,·ut
1557 2585 1654 2620 dura
1672 2584 1887 2620 litterarum

215 2632 454 2678 privatarum
481 2639 711 2677 argumenta
736 2632 915 2667 versibus
942 2638 1136 2674 tractaret,
1171 2642 1334 2677 operam
1361 2631 1522 2666 dederit.
1573 2630 1652 2666 Sed
1688 2636 1803 2676 poeta
1838 2642 1888 2667 ex

215 2678 328 2714 amici
362 2679 545 2714 schedula
579 2679 770 2724 quaedam
806 2690 827 2713 e
862 2678 1032 2714 verbis
1066 2677 1294 2714 exaravisse
1326 2689 1402 2713 non
1439 2678 1576 2722 credo,
1612 2676 1684 2713 etsi
1720 2677 1887 2713 fortasse

217 2736 492 2770 nonnunquam
519 2725 618 2760 illius
644 2736 761 2760 voces
787 2725 972 2770 respexit.

357 2793 383 2837 ²)
410 2794 467 2830 Ne
500 2795 634 2830 tollere
668 2794 863 2830 studueris
897 2794 1018 2830 verba
1049 2793 1223 2838 graviter
1261 2792 1462 2846 opposita:
1505 2792 1887 2838 »petenti—ultrmI

218 2840 271 2876 Ea
297 2841 400 2876 enim
434 2840 580 2886 optime
613 2840 675 2876 illo
702 2839 917 2876 Horatiano
943 2840 1026 2886 (Ep.
1054 2839 1220 2883 1l12s22):
1249 2850 1302 2875 »sn
1328 2838 1419 2884 quid
1455 2845 1582 2884 petet,
1621 2838 1720 2874 ultro
1755 2838 1884 2874 deser*

215 2893 491 2923 sustentantur.
541 2887 675 2933 Itaque
699 2898 825 2933 neque
847 2887 1006 2932 »petite«
1030 2886 1295 2922 coniciendum
1315 2891 1374 2921 est
1391 2884 1735 2930 (Parthenius)
1760 2896 1888 2931 neque

219 2934 358 2969 »ultro«
388 2933 425 2969 in
463 2934 602 2969 »ultra«
631 2933 912 2969 immutandum
940 2933 1003 2977 (M.
1029 2931 1265 2968 Schmidt.
1292 2943 1329 2978 p.
1355 2932 1483 2978 784l5).
