<?xml version="1.0" encoding="UTF-8"?>
<!DOCTYPE html PUBLIC "-//W3C//DTD XHTML 1.0 Transitional//EN"
    "http://www.w3.org/TR/xhtml1/DTD/xhtml1-transitional.dtd">
<html xmlns="http://www.w3.org/1999/xhtml" xml:lang="en" lang="en">
 <head>
  <title>
</title>
<meta http-equiv="Content-Type" content="text/html;charset=utf-8" />
  <meta name='ocr-system' content='tesseract 3.04.00' />
  <meta name='ocr-capabilities' content='ocr_page ocr_carea ocr_par ocr_line ocrx_word'/>
</head>
<body>
  <div class='ocr_page' id='page_1' title='image "./deduodeseptuages00kalbuoft_0029.png"; bbox 0 0 1942 3380; ppageno 0'>
   <div class='ocr_carea' id='block_1_1' title="bbox 0 0 47 423">
    <p class='ocr_par' dir='ltr' id='par_1_1' title="bbox 0 0 47 423">
     <span class='ocr_line' id='line_1_1' title="bbox 0 0 47 423; baseline 0 0"><span class='ocrx_word' id='word_1_1' title='bbox 0 0 47 423; x_wconf 95' lang='lat' dir='ltr'>  </span> 
     </span>
    </p>
   </div>
   <div class='ocr_carea' id='block_1_2' title="bbox 747 240 1038 284">
    <p class='ocr_par' dir='ltr' id='par_1_2' title="bbox 747 240 1038 284">
     <span class='ocr_line' id='line_1_2' title="bbox 747 240 1038 284; baseline 0.01 -28"><span class='ocrx_word' id='word_1_2' title='bbox 747 240 1038 284; x_wconf 64' lang='lat'><strong><em>„23-</em></strong></span> 
     </span>
    </p>
   </div>
   <div class='ocr_carea' id='block_1_3' title="bbox 17 341 23 348">
    <p class='ocr_par' dir='ltr' id='par_1_3' title="bbox 17 341 23 348">
     <span class='ocr_line' id='line_1_3' title="bbox 17 341 23 348; baseline 0 -4"><span class='ocrx_word' id='word_1_3' title='bbox 17 341 23 348; x_wconf 40' lang='grc' dir='ltr'><strong><em>γ</em></strong></span> 
     </span>
    </p>
   </div>
   <div class='ocr_carea' id='block_1_4' title="bbox 0 308 1746 3023">
    <p class='ocr_par' dir='ltr' id='par_1_4' title="bbox 0 308 1746 3023">
     <span class='ocr_line' id='line_1_4' title="bbox 21 308 41 327; baseline 0 -17"><span class='ocrx_word' id='word_1_4' title='bbox 21 308 41 327; x_wconf 32' lang='lat' dir='ltr'><em>ff</em></span> 
     </span>
     <span class='ocr_line' id='line_1_5' title="bbox 8 343 1743 437; baseline 0.001 -36"><span class='ocrx_word' id='word_1_5' title='bbox 8 343 160 437; x_wconf 44' lang='lat' dir='ltr'>§libro</span> <span class='ocrx_word' id='word_1_6' title='bbox 206 352 455 412; x_wconf 91' lang='lat' dir='ltr'>reperitur:</span> <span class='ocrx_word' id='word_1_7' title='bbox 505 368 541 397; x_wconf 91' lang='lat' dir='ltr'>e.</span> <span class='ocrx_word' id='word_1_8' title='bbox 576 353 833 419; x_wconf 65' lang='lat' dir='ltr'>LXVIJ21:</span> <span class='ocrx_word' id='word_1_9' title='bbox 881 357 977 400; x_wconf 85' lang='lat' dir='ltr'>»An</span> <span class='ocrx_word' id='word_1_10' title='bbox 1025 366 1073 401; x_wconf 92' lang='lat' dir='ltr'>tu</span> <span class='ocrx_word' id='word_1_11' title='bbox 1121 373 1210 402; x_wconf 94' lang='lat' dir='ltr'>non</span> <span class='ocrx_word' id='word_1_12' title='bbox 1252 359 1415 402; x_wconf 90' lang='lat' dir='ltr'>orbum</span> <span class='ocrx_word' id='word_1_13' title='bbox 1447 358 1627 413; x_wconf 74' lang='lat' dir='ltr'>(marito</span> <span class='ocrx_word' id='word_1_14' title='bbox 1659 362 1743 415; x_wconf 90' lang='lat' dir='ltr'>sc.)</span> 
     </span>
     <span class='ocr_line' id='line_1_6' title="bbox 0 412 1744 480; baseline 0.001 -21"><span class='ocrx_word' id='word_1_15' title='bbox 0 412 158 480; x_wconf 13' lang='lat' dir='ltr'>*ggssssluxti</span> <span class='ocrx_word' id='word_1_16' title='bbox 205 413 391 457; x_wconf 89' lang='lat' dir='ltr'>deserta</span> <span class='ocrx_word' id='word_1_17' title='bbox 432 416 505 467; x_wconf 82' lang='lat'>(=</span> <span class='ocrx_word' id='word_1_18' title='bbox 537 413 756 466; x_wconf 81' lang='lat' dir='ltr'>solitaria)</span> <span class='ocrx_word' id='word_1_19' title='bbox 799 415 980 460; x_wconf 72' lang='lat' dir='ltr'>cubile«.</span> <span class='ocrx_word' id='word_1_20' title='bbox 1047 415 1116 460; x_wconf 90' lang='lat' dir='ltr'>Cf.</span> <span class='ocrx_word' id='word_1_21' title='bbox 1151 416 1284 474; x_wconf 88' lang='lat' dir='ltr'>Prop.</span> <span class='ocrx_word' id='word_1_22' title='bbox 1317 417 1490 471; x_wconf 58' lang='grc'>1118512</span> <span class='ocrx_word' id='word_1_23' title='bbox 1562 417 1631 473; x_wconf 75' lang='lat' dir='ltr'>(L.</span> <span class='ocrx_word' id='word_1_24' title='bbox 1665 417 1744 472; x_wconf 87' lang='lat' dir='ltr'>M.)</span> 
     </span>
     <span class='ocr_line' id='line_1_7' title="bbox 0 471 1741 532; baseline 0.004 -18"><span class='ocrx_word' id='word_1_25' title='bbox 0 472 255 532; x_wconf 46' lang='lat' dir='ltr'>{Essaeabrepta</span> <span class='ocrx_word' id='word_1_26' title='bbox 287 471 501 517; x_wconf 89' lang='lat' dir='ltr'>desertus</span> <span class='ocrx_word' id='word_1_27' title='bbox 524 472 720 530; x_wconf 88' lang='lat' dir='ltr'>coniuge</span> <span class='ocrx_word' id='word_1_28' title='bbox 743 473 1004 519; x_wconf 66' lang='lat' dir='ltr'>Achilleus«</span> <span class='ocrx_word' id='word_1_29' title='bbox 1028 479 1100 529; x_wconf 86' lang='lat'>(=</span> <span class='ocrx_word' id='word_1_30' title='bbox 1124 476 1386 532; x_wconf 86' lang='lat' dir='ltr'>solitarius),</span> <span class='ocrx_word' id='word_1_31' title='bbox 1419 486 1464 520; x_wconf 92' lang='lat' dir='ltr'>et</span> <span class='ocrx_word' id='word_1_32' title='bbox 1526 484 1602 521; x_wconf 90' lang='lat' dir='ltr'>tat.</span> <span class='ocrx_word' id='word_1_33' title='bbox 1628 476 1741 521; x_wconf 84' lang='lat' dir='ltr'>Silv.</span> 
     </span>
     <span class='ocr_line' id='line_1_8' title="bbox 9 529 1737 594; baseline 0.001 -17"><span class='ocrx_word' id='word_1_34' title='bbox 9 529 204 594; x_wconf 62' lang='lat' dir='ltr'>{Ill6l4z</span> <span class='ocrx_word' id='word_1_35' title='bbox 251 531 443 575; x_wconf 82' lang='lat' dir='ltr'><strong>»deserti</strong></span> <span class='ocrx_word' id='word_1_36' title='bbox 485 540 731 590; x_wconf 88' lang='lat' dir='ltr'>praerepta</span> <span class='ocrx_word' id='word_1_37' title='bbox 776 533 973 592; x_wconf 90' lang='lat' dir='ltr'>coniuge</span> <span class='ocrx_word' id='word_1_38' title='bbox 1005 543 1182 592; x_wconf 88' lang='lat' dir='ltr'>partem</span> <span class='ocrx_word' id='word_1_39' title='bbox 1217 535 1505 579; x_wconf 89' lang='lat' dir='ltr'>conclamare</span> <span class='ocrx_word' id='word_1_40' title='bbox 1537 535 1653 580; x_wconf 75' lang='lat' dir='ltr'>tori«.</span> <span class='ocrx_word' id='word_1_41' title='bbox 1693 563 1737 568; x_wconf 95' lang='lat'><em>-</em></span> 
     </span>
     <span class='ocr_line' id='line_1_9' title="bbox 0 589 1742 678; baseline 0.001 -42"><span class='ocrx_word' id='word_1_42' title='bbox 0 589 142 678; x_wconf 43' lang='lat' dir='ltr'>§Sed</span> <span class='ocrx_word' id='word_1_43' title='bbox 173 590 279 635; x_wconf 92' lang='lat' dir='ltr'>illae</span> <span class='ocrx_word' id='word_1_44' title='bbox 313 605 504 642; x_wconf 88' lang='lat' dir='ltr'>causae,</span> <span class='ocrx_word' id='word_1_45' title='bbox 538 605 655 648; x_wconf 91' lang='lat' dir='ltr'>quas</span> <span class='ocrx_word' id='word_1_46' title='bbox 687 591 728 636; x_wconf 91' lang='lat' dir='ltr'>in</span> <span class='ocrx_word' id='word_1_47' title='bbox 764 607 841 650; x_wconf 89' lang='lat' dir='ltr'>pg.</span> <span class='ocrx_word' id='word_1_48' title='bbox 879 595 1013 651; x_wconf 83' lang='lat' dir='ltr'>15l16</span> <span class='ocrx_word' id='word_1_49' title='bbox 1044 593 1260 647; x_wconf 86' lang='lat' dir='ltr'>disserui,</span> <span class='ocrx_word' id='word_1_50' title='bbox 1294 603 1343 638; x_wconf 89' lang='lat' dir='ltr'>ut</span> <span class='ocrx_word' id='word_1_51' title='bbox 1375 594 1742 638; x_wconf 80' lang='lat' dir='ltr'>demonstrarem</span> 
     </span>
     <span class='ocr_line' id='line_1_10' title="bbox 0 648 1742 737; baseline 0.002 -43"><span class='ocrx_word' id='word_1_52' title='bbox 0 649 350 737; x_wconf 56' lang='lat' dir='ltr'>{calamitatem</span> <span class='ocrx_word' id='word_1_53' title='bbox 384 648 510 694; x_wconf 91' lang='lat' dir='ltr'>Malli</span> <span class='ocrx_word' id='word_1_54' title='bbox 558 665 648 694; x_wconf 92' lang='lat' dir='ltr'>non</span> <span class='ocrx_word' id='word_1_55' title='bbox 695 651 738 695; x_wconf 91' lang='lat' dir='ltr'>in</span> <span class='ocrx_word' id='word_1_56' title='bbox 786 654 944 696; x_wconf 88' lang='lat' dir='ltr'>uxoris</span> <span class='ocrx_word' id='word_1_57' title='bbox 991 662 1139 697; x_wconf 90' lang='lat' dir='ltr'>morte</span> <span class='ocrx_word' id='word_1_58' title='bbox 1186 652 1321 697; x_wconf 90' lang='lat' dir='ltr'>sitam</span> <span class='ocrx_word' id='word_1_59' title='bbox 1369 668 1474 698; x_wconf 91' lang='lat' dir='ltr'>esse</span> <span class='ocrx_word' id='word_1_60' title='bbox 1521 653 1742 711; x_wconf 88' lang='lat' dir='ltr'>potuisse,</span> 
     </span>
     <span class='ocr_line' id='line_1_11' title="bbox 0 709 1743 771; baseline 0.001 -17"><span class='ocrx_word' id='word_1_61' title='bbox 0 709 148 754; x_wconf 47' lang='lat' dir='ltr'>vuhuic</span> <span class='ocrx_word' id='word_1_62' title='bbox 180 709 267 767; x_wconf 88' lang='lat' dir='ltr'>ipsi</span> <span class='ocrx_word' id='word_1_63' title='bbox 299 709 662 767; x_wconf 85' lang='lat' dir='ltr'>interpretationi</span> <span class='ocrx_word' id='word_1_64' title='bbox 696 712 943 755; x_wconf 90' lang='lat' dir='ltr'>verborum</span> <span class='ocrx_word' id='word_1_65' title='bbox 977 727 1195 756; x_wconf 90' lang='lat' dir='ltr'>versuum</span> <span class='ocrx_word' id='word_1_66' title='bbox 1218 713 1297 771; x_wconf 97' lang='grc'>516</span> <span class='ocrx_word' id='word_1_67' title='bbox 1327 713 1524 766; x_wconf 88' lang='lat' dir='ltr'>obstant,</span> <span class='ocrx_word' id='word_1_68' title='bbox 1565 712 1743 756; x_wconf 89' lang='lat' dir='ltr'>etiamsi</span> 
     </span>
     <span class='ocr_line' id='line_1_12' title="bbox 15 767 1743 829; baseline 0.001 -17"><span class='ocrx_word' id='word_1_69' title='bbox 15 767 201 812; x_wconf 79' lang='lat' dir='ltr'>&#39;uxoris</span> <span class='ocrx_word' id='word_1_70' title='bbox 249 768 543 813; x_wconf 90' lang='lat' dir='ltr'>amissionem</span> <span class='ocrx_word' id='word_1_71' title='bbox 589 784 678 813; x_wconf 91' lang='lat' dir='ltr'>non</span> <span class='ocrx_word' id='word_1_72' title='bbox 721 770 870 828; x_wconf 90' lang='lat' dir='ltr'>ipsum</span> <span class='ocrx_word' id='word_1_73' title='bbox 904 771 1029 815; x_wconf 91' lang='lat' dir='ltr'>illum</span> <span class='ocrx_word' id='word_1_74' title='bbox 1063 786 1222 816; x_wconf 90' lang='lat' dir='ltr'>casum</span> <span class='ocrx_word' id='word_1_75' title='bbox 1254 786 1449 829; x_wconf 88' lang='lat' dir='ltr'>gravem</span> <span class='ocrx_word' id='word_1_76' title='bbox 1483 774 1575 828; x_wconf 89' lang='lat' dir='ltr'>(vv.</span> <span class='ocrx_word' id='word_1_77' title='bbox 1614 781 1743 827; x_wconf 79' lang='lat'>1—4)</span> 
     </span>
     <span class='ocr_line' id='line_1_13' title="bbox 19 827 1742 888; baseline 0.002 -17"><span class='ocrx_word' id='word_1_78' title='bbox 19 827 175 872; x_wconf 85' lang='lat' dir='ltr'>amici</span> <span class='ocrx_word' id='word_1_79' title='bbox 214 827 357 873; x_wconf 90' lang='lat' dir='ltr'>fuisse</span> <span class='ocrx_word' id='word_1_80' title='bbox 398 828 634 887; x_wconf 90' lang='lat' dir='ltr'>ponimus,</span> <span class='ocrx_word' id='word_1_81' title='bbox 677 830 759 873; x_wconf 89' lang='lat' dir='ltr'>sed</span> <span class='ocrx_word' id='word_1_82' title='bbox 805 839 990 887; x_wconf 89' lang='lat' dir='ltr'>praeter</span> <span class='ocrx_word' id='word_1_83' title='bbox 1031 831 1127 884; x_wconf 90' lang='lat' dir='ltr'>vel,</span> <span class='ocrx_word' id='word_1_84' title='bbox 1177 831 1300 888; x_wconf 89' lang='lat' dir='ltr'>quod</span> <span class='ocrx_word' id='word_1_85' title='bbox 1341 830 1533 887; x_wconf 90' lang='lat' dir='ltr'>cogitari</span> <span class='ocrx_word' id='word_1_86' title='bbox 1575 839 1742 888; x_wconf 90' lang='lat' dir='ltr'>potest,</span> 
     </span>
     <span class='ocr_line' id='line_1_14' title="bbox 23 886 1743 953; baseline 0.001 -22"><span class='ocrx_word' id='word_1_87' title='bbox 23 894 232 946; x_wconf 85' lang='lat' dir='ltr'>propter</span> <span class='ocrx_word' id='word_1_88' title='bbox 278 886 536 953; x_wconf 83' lang='lat' dir='ltr'>principale</span> <span class='ocrx_word' id='word_1_89' title='bbox 586 887 877 933; x_wconf 90' lang='lat' dir='ltr'>infortunium</span> <span class='ocrx_word' id='word_1_90' title='bbox 931 889 1175 947; x_wconf 89' lang='lat' dir='ltr'>ingruisse.</span> <span class='ocrx_word' id='word_1_91' title='bbox 1253 889 1503 934; x_wconf 89' lang='lat' dir='ltr'>Praeterea</span> <span class='ocrx_word' id='word_1_92' title='bbox 1562 889 1743 933; x_wconf 90' lang='lat' dir='ltr'>duabus</span> 
     </span>
     <span class='ocr_line' id='line_1_15' title="bbox 43 945 1744 1008; baseline 0.001 -17.962"><span class='ocrx_word' id='word_1_93' title='bbox 43 945 381 991; x_wconf 84' lang='lat' dir='ltr'>calamitatibus</span> <span class='ocrx_word' id='word_1_94' title='bbox 413 946 550 991; x_wconf 90' lang='lat' dir='ltr'>simul</span> <span class='ocrx_word' id='word_1_95' title='bbox 582 948 839 992; x_wconf 86' lang='lat' dir='ltr'>statuendis</span> <span class='ocrx_word' id='word_1_96' title='bbox 870 958 1112 1007; x_wconf 87' lang='lat' dir='ltr'>repugnat,</span> <span class='ocrx_word' id='word_1_97' title='bbox 1155 949 1279 1007; x_wconf 91' lang='lat' dir='ltr'>quod</span> <span class='ocrx_word' id='word_1_98' title='bbox 1311 964 1385 994; x_wconf 90' lang='lat' dir='ltr'>vv.</span> <span class='ocrx_word' id='word_1_99' title='bbox 1418 950 1498 1008; x_wconf 87' lang='grc'>516</span> <span class='ocrx_word' id='word_1_100' title='bbox 1529 948 1744 993; x_wconf 90' lang='lat' dir='ltr'>versibus</span> 
     </span>
     <span class='ocr_line' id='line_1_16' title="bbox 10 1006 1745 1072; baseline 0.001 -22"><span class='ocrx_word' id='word_1_101' title='bbox 10 1011 12 1015; x_wconf 81' lang='grc'>’</span> <span class='ocrx_word' id='word_1_102' title='bbox 44 1006 122 1064; x_wconf 84' lang='grc'>7,8</span> <span class='ocrx_word' id='word_1_103' title='bbox 149 1021 342 1064; x_wconf 89' lang='lat' dir='ltr'>prorsus</span> <span class='ocrx_word' id='word_1_104' title='bbox 386 1007 669 1072; x_wconf 92' lang='lat' dir='ltr'>respondent</span> <span class='ocrx_word' id='word_1_105' title='bbox 681 1025 691 1061; x_wconf 89' lang='lat'>;</span> <span class='ocrx_word' id='word_1_106' title='bbox 735 1007 948 1064; x_wconf 91' lang='lat' dir='ltr'>quoniam</span> <span class='ocrx_word' id='word_1_107' title='bbox 992 1008 1111 1053; x_wconf 91' lang='lat' dir='ltr'>enim</span> <span class='ocrx_word' id='word_1_108' title='bbox 1151 1008 1222 1052; x_wconf 86' lang='lat' dir='ltr'>his</span> <span class='ocrx_word' id='word_1_109' title='bbox 1262 1023 1410 1052; x_wconf 89' lang='lat' dir='ltr'>novus</span> <span class='ocrx_word' id='word_1_110' title='bbox 1443 1007 1574 1052; x_wconf 90' lang='lat' dir='ltr'>amici</span> <span class='ocrx_word' id='word_1_111' title='bbox 1608 1022 1745 1052; x_wconf 89' lang='lat' dir='ltr'>casus</span> 
     </span>
     <span class='ocr_line' id='line_1_17' title="bbox 41 1065 1742 1126; baseline 0.001 -17"><span class='ocrx_word' id='word_1_112' title='bbox 41 1079 132 1109; x_wconf 92' lang='lat' dir='ltr'>non</span> <span class='ocrx_word' id='word_1_113' title='bbox 173 1065 420 1120; x_wconf 91' lang='lat' dir='ltr'>indicatur,</span> <span class='ocrx_word' id='word_1_114' title='bbox 465 1066 554 1110; x_wconf 82' lang='lat' dir='ltr'>illis</span> <span class='ocrx_word' id='word_1_115' title='bbox 596 1066 821 1111; x_wconf 91' lang='lat' dir='ltr'>eiusmodi</span> <span class='ocrx_word' id='word_1_116' title='bbox 862 1082 960 1111; x_wconf 86' lang='lat' dir='ltr'>rem</span> <span class='ocrx_word' id='word_1_117' title='bbox 1002 1067 1222 1126; x_wconf 91' lang='lat' dir='ltr'>explicari</span> <span class='ocrx_word' id='word_1_118' title='bbox 1255 1083 1345 1112; x_wconf 90' lang='lat' dir='ltr'>non</span> <span class='ocrx_word' id='word_1_119' title='bbox 1377 1066 1626 1112; x_wconf 89' lang='lat' dir='ltr'>verisimile</span> <span class='ocrx_word' id='word_1_120' title='bbox 1658 1075 1742 1111; x_wconf 91' lang='lat' dir='ltr'>est.</span> 
     </span>
     <span class='ocr_line' id='line_1_18' title="bbox 42 1122 1743 1185; baseline 0.001 -17"><span class='ocrx_word' id='word_1_121' title='bbox 42 1122 120 1168; x_wconf 92' lang='lat' dir='ltr'>Ob</span> <span class='ocrx_word' id='word_1_122' title='bbox 173 1123 219 1168; x_wconf 93' lang='lat' dir='ltr'>id</span> <span class='ocrx_word' id='word_1_123' title='bbox 269 1125 420 1183; x_wconf 91' lang='lat' dir='ltr'>ipsum</span> <span class='ocrx_word' id='word_1_124' title='bbox 467 1133 620 1170; x_wconf 91' lang='lat' dir='ltr'>autem</span> <span class='ocrx_word' id='word_1_125' title='bbox 670 1126 851 1170; x_wconf 85' lang='lat' dir='ltr'>tertiam</span> <span class='ocrx_word' id='word_1_126' title='bbox 900 1142 1086 1184; x_wconf 90' lang='lat' dir='ltr'>quoque</span> <span class='ocrx_word' id='word_1_127' title='bbox 1138 1126 1466 1185; x_wconf 90' lang='lat' dir='ltr'>interpretandi</span> <span class='ocrx_word' id='word_1_128' title='bbox 1518 1125 1743 1170; x_wconf 89' lang='lat' dir='ltr'>rationem</span> 
     </span>
     <span class='ocr_line' id='line_1_19' title="bbox 0 1183 1741 1255; baseline 0.001 -28"><span class='ocrx_word' id='word_1_129' title='bbox 0 1220 7 1255; x_wconf 37' lang='grc' dir='ltr'><strong>ᾖ</strong></span> <span class='ocrx_word' id='word_1_130' title='bbox 40 1183 250 1242; x_wconf 90' lang='lat' dir='ltr'>repudio,</span> <span class='ocrx_word' id='word_1_131' title='bbox 284 1199 405 1242; x_wconf 90' lang='lat' dir='ltr'>quae</span> <span class='ocrx_word' id='word_1_132' title='bbox 438 1185 775 1242; x_wconf 90' lang='lat' dir='ltr'>Doeringio</span> <span class='ocrx_word' id='word_1_133' title='bbox 808 1185 876 1240; x_wconf 84' lang='lat' dir='ltr'>(cf.</span> <span class='ocrx_word' id='word_1_134' title='bbox 911 1200 988 1244; x_wconf 91' lang='lat' dir='ltr'>pg.</span> <span class='ocrx_word' id='word_1_135' title='bbox 1019 1188 1071 1230; x_wconf 88' lang='lat'>16</span> <span class='ocrx_word' id='word_1_136' title='bbox 1093 1201 1191 1233; x_wconf 86' lang='lat' dir='ltr'>ann.</span> <span class='ocrx_word' id='word_1_137' title='bbox 1215 1187 1260 1243; x_wconf 90' lang='lat'>2)</span> <span class='ocrx_word' id='word_1_138' title='bbox 1283 1185 1514 1244; x_wconf 89' lang='lat' dir='ltr'>placuisse</span> <span class='ocrx_word' id='word_1_139' title='bbox 1547 1185 1741 1229; x_wconf 90' lang='lat' dir='ltr'>videtur.</span> 
     </span>
     <span class='ocr_line' id='line_1_20' title="bbox 0 1241 1742 1303; baseline 0 -16"><span class='ocrx_word' id='word_1_140' title='bbox 0 1245 10 1279; x_wconf 53' lang='grc' dir='ltr'><strong><em>ἑ</em></strong></span> <span class='ocrx_word' id='word_1_141' title='bbox 43 1241 266 1288; x_wconf 88' lang='lat' dir='ltr'>Concedo</span> <span class='ocrx_word' id='word_1_142' title='bbox 314 1244 434 1288; x_wconf 89' lang='lat' dir='ltr'>enim</span> <span class='ocrx_word' id='word_1_143' title='bbox 481 1244 614 1289; x_wconf 92' lang='lat' dir='ltr'>facile</span> <span class='ocrx_word' id='word_1_144' title='bbox 660 1244 865 1302; x_wconf 89' lang='lat' dir='ltr'>cogitatu</span> <span class='ocrx_word' id='word_1_145' title='bbox 913 1260 1020 1290; x_wconf 88' lang='lat' dir='ltr'>esse</span> <span class='ocrx_word' id='word_1_146' title='bbox 1053 1245 1258 1290; x_wconf 86' lang='lat' dir='ltr'>Mallium</span> <span class='ocrx_word' id='word_1_147' title='bbox 1301 1254 1580 1303; x_wconf 88' lang='lat' dir='ltr'>propter</span> <span class='ocrx_word' id='word_1_148' title='bbox 1621 1243 1742 1288; x_wconf 90' lang='lat' dir='ltr'>illam</span> 
     </span>
     <span class='ocr_line' id='line_1_21' title="bbox 0 1301 1744 1364; baseline 0 -18"><span class='ocrx_word' id='word_1_149' title='bbox 0 1301 4 1364; x_wconf 66' lang='grc' dir='ltr'>ξ</span> <span class='ocrx_word' id='word_1_150' title='bbox 41 1301 349 1347; x_wconf 89' lang='lat' dir='ltr'>tristissimam</span> <span class='ocrx_word' id='word_1_151' title='bbox 391 1312 565 1348; x_wconf 87' lang='lat' dir='ltr'>sortem</span> <span class='ocrx_word' id='word_1_152' title='bbox 612 1319 638 1348; x_wconf 93' lang='lat' dir='ltr'>a</span> <span class='ocrx_word' id='word_1_153' title='bbox 682 1304 835 1362; x_wconf 90' lang='lat' dir='ltr'>puella</span> <span class='ocrx_word' id='word_1_154' title='bbox 880 1320 964 1349; x_wconf 90' lang='lat' dir='ltr'>sua</span> <span class='ocrx_word' id='word_1_155' title='bbox 996 1305 1231 1349; x_wconf 86' lang='lat' dir='ltr'>desertum</span> <span class='ocrx_word' id='word_1_156' title='bbox 1266 1319 1386 1348; x_wconf 91' lang='lat' dir='ltr'>esse.</span> <span class='ocrx_word' id='word_1_157' title='bbox 1449 1303 1546 1348; x_wconf 85' lang='lat' dir='ltr'>Sed</span> <span class='ocrx_word' id='word_1_158' title='bbox 1578 1317 1744 1360; x_wconf 88' lang='lat' dir='ltr'>aequa-</span> 
     </span>
     <span class='ocr_line' id='line_1_22' title="bbox 0 1360 1745 1422; baseline 0 -17"><span class='ocrx_word' id='word_1_159' title='bbox 0 1370 3 1374; x_wconf 75' lang='grc'><strong><em>’</em></strong></span> <span class='ocrx_word' id='word_1_160' title='bbox 41 1360 217 1416; x_wconf 89' lang='lat' dir='ltr'>bilitate</span> <span class='ocrx_word' id='word_1_161' title='bbox 249 1377 469 1407; x_wconf 89' lang='lat' dir='ltr'>versuum</span> <span class='ocrx_word' id='word_1_162' title='bbox 501 1364 581 1421; x_wconf 89' lang='grc'>516</span> <span class='ocrx_word' id='word_1_163' title='bbox 611 1371 657 1407; x_wconf 93' lang='lat' dir='ltr'>et</span> <span class='ocrx_word' id='word_1_164' title='bbox 690 1363 767 1421; x_wconf 90' lang='grc'>718</span> <span class='ocrx_word' id='word_1_165' title='bbox 798 1372 1043 1422; x_wconf 91' lang='lat' dir='ltr'>perspecta</span> <span class='ocrx_word' id='word_1_166' title='bbox 1075 1378 1385 1416; x_wconf 89' lang='lat' dir='ltr'>commoveor,</span> <span class='ocrx_word' id='word_1_167' title='bbox 1418 1371 1467 1407; x_wconf 91' lang='lat' dir='ltr'>ut</span> <span class='ocrx_word' id='word_1_168' title='bbox 1499 1363 1621 1406; x_wconf 90' lang='lat' dir='ltr'>illam</span> <span class='ocrx_word' id='word_1_169' title='bbox 1644 1376 1745 1406; x_wconf 93' lang='lat' dir='ltr'>sen-</span> 
     </span>
     <span class='ocr_line' id='line_1_23' title="bbox 40 1420 1744 1480; baseline 0 -16"><span class='ocrx_word' id='word_1_170' title='bbox 40 1420 228 1465; x_wconf 87' lang='lat' dir='ltr'>tentiam</span> <span class='ocrx_word' id='word_1_171' title='bbox 275 1422 591 1480; x_wconf 89' lang='lat' dir='ltr'>repellendam</span> <span class='ocrx_word' id='word_1_172' title='bbox 645 1437 751 1466; x_wconf 91' lang='lat' dir='ltr'>esse</span> <span class='ocrx_word' id='word_1_173' title='bbox 804 1438 1034 1467; x_wconf 88' lang='lat' dir='ltr'>censeam.</span> <span class='ocrx_word' id='word_1_174' title='bbox 1113 1423 1291 1480; x_wconf 91' lang='lat' dir='ltr'>Itaque,</span> <span class='ocrx_word' id='word_1_175' title='bbox 1346 1437 1483 1480; x_wconf 89' lang='lat' dir='ltr'>quem</span> <span class='ocrx_word' id='word_1_176' title='bbox 1532 1430 1744 1479; x_wconf 87' lang='lat' dir='ltr'>quartum</span> 
     </span>
     <span class='ocr_line' id='line_1_24' title="bbox 40 1479 1745 1540; baseline -0.001 -16"><span class='ocrx_word' id='word_1_177' title='bbox 40 1479 254 1524; x_wconf 90' lang='lat' dir='ltr'>constitui</span> <span class='ocrx_word' id='word_1_178' title='bbox 286 1496 467 1536; x_wconf 91' lang='lat' dir='ltr'>casum,</span> <span class='ocrx_word' id='word_1_179' title='bbox 517 1481 666 1525; x_wconf 90' lang='lat' dir='ltr'>solum</span> <span class='ocrx_word' id='word_1_180' title='bbox 700 1482 1017 1540; x_wconf 91' lang='lat' dir='ltr'>accipiendum</span> <span class='ocrx_word' id='word_1_181' title='bbox 1051 1496 1157 1526; x_wconf 91' lang='lat' dir='ltr'>esse</span> <span class='ocrx_word' id='word_1_182' title='bbox 1190 1481 1404 1534; x_wconf 87' lang='lat' dir='ltr'>arbitror,</span> <span class='ocrx_word' id='word_1_183' title='bbox 1453 1490 1501 1525; x_wconf 91' lang='lat' dir='ltr'>ut</span> <span class='ocrx_word' id='word_1_184' title='bbox 1534 1481 1611 1538; x_wconf 90' lang='lat' dir='ltr'>qui</span> <span class='ocrx_word' id='word_1_185' title='bbox 1642 1480 1745 1524; x_wconf 89' lang='lat' dir='ltr'>sirn-</span> 
     </span>
     <span class='ocr_line' id='line_1_25' title="bbox 38 1538 1745 1599; baseline 0 -16"><span class='ocrx_word' id='word_1_186' title='bbox 38 1538 318 1597; x_wconf 89' lang='lat' dir='ltr'>plieissimus</span> <span class='ocrx_word' id='word_1_187' title='bbox 350 1540 409 1584; x_wconf 91' lang='lat' dir='ltr'>sit</span> <span class='ocrx_word' id='word_1_188' title='bbox 441 1548 487 1585; x_wconf 92' lang='lat' dir='ltr'>et</span> <span class='ocrx_word' id='word_1_189' title='bbox 518 1541 714 1598; x_wconf 88' lang='lat' dir='ltr'>singulis</span> <span class='ocrx_word' id='word_1_190' title='bbox 746 1541 902 1585; x_wconf 90' lang='lat' dir='ltr'>verbis</span> <span class='ocrx_word' id='word_1_191' title='bbox 928 1541 1101 1599; x_wconf 88' lang='lat' dir='ltr'>optime</span> <span class='ocrx_word' id='word_1_192' title='bbox 1123 1540 1378 1586; x_wconf 89' lang='lat' dir='ltr'>conveniat.</span> <span class='ocrx_word' id='word_1_193' title='bbox 1423 1539 1606 1584; x_wconf 89' lang='lat' dir='ltr'>Mallius</span> <span class='ocrx_word' id='word_1_194' title='bbox 1628 1553 1745 1596; x_wconf 88' lang='lat' dir='ltr'>ergo</span> 
     </span>
     <span class='ocr_line' id='line_1_26' title="bbox 42 1600 1746 1658; baseline 0 -16"><span class='ocrx_word' id='word_1_195' title='bbox 42 1600 260 1657; x_wconf 88' lang='lat' dir='ltr'>innuptus</span> <span class='ocrx_word' id='word_1_196' title='bbox 308 1608 429 1654; x_wconf 89' lang='lat' dir='ltr'>erat,</span> <span class='ocrx_word' id='word_1_197' title='bbox 475 1608 524 1644; x_wconf 90' lang='lat' dir='ltr'>ut</span> <span class='ocrx_word' id='word_1_198' title='bbox 568 1615 594 1643; x_wconf 92' lang='lat' dir='ltr'>a</span> <span class='ocrx_word' id='word_1_199' title='bbox 637 1600 730 1644; x_wconf 90' lang='lat' dir='ltr'>fida</span> <span class='ocrx_word' id='word_1_200' title='bbox 778 1600 974 1657; x_wconf 90' lang='lat' dir='ltr'>coniuge</span> <span class='ocrx_word' id='word_1_201' title='bbox 1016 1600 1237 1644; x_wconf 91' lang='lat' dir='ltr'>solacium</span> <span class='ocrx_word' id='word_1_202' title='bbox 1271 1608 1431 1658; x_wconf 90' lang='lat' dir='ltr'>petere</span> <span class='ocrx_word' id='word_1_203' title='bbox 1463 1614 1551 1643; x_wconf 91' lang='lat' dir='ltr'>non</span> <span class='ocrx_word' id='word_1_204' title='bbox 1585 1607 1746 1657; x_wconf 90' lang='lat' dir='ltr'>posset</span> 
     </span>
     <span class='ocr_line' id='line_1_27' title="bbox 41 1658 1745 1717; baseline 0 -16"><span class='ocrx_word' id='word_1_205' title='bbox 41 1665 181 1715; x_wconf 91' lang='lat' dir='ltr'>atque</span> <span class='ocrx_word' id='word_1_206' title='bbox 229 1658 269 1702; x_wconf 93' lang='lat' dir='ltr'>is</span> <span class='ocrx_word' id='word_1_207' title='bbox 309 1659 576 1703; x_wconf 83' lang='lat' dir='ltr'>»desertus«.</span> <span class='ocrx_word' id='word_1_208' title='bbox 642 1659 796 1715; x_wconf 78' lang='lat' dir='ltr'>Quam</span> <span class='ocrx_word' id='word_1_209' title='bbox 839 1674 1002 1704; x_wconf 90' lang='lat' dir='ltr'>vocem</span> <span class='ocrx_word' id='word_1_210' title='bbox 1048 1660 1105 1703; x_wconf 92' lang='lat' dir='ltr'>ad</span> <span class='ocrx_word' id='word_1_211' title='bbox 1148 1673 1331 1703; x_wconf 89' lang='lat' dir='ltr'>amores</span> <span class='ocrx_word' id='word_1_212' title='bbox 1364 1668 1576 1717; x_wconf 88' lang='lat' dir='ltr'>spectare</span> <span class='ocrx_word' id='word_1_213' title='bbox 1609 1658 1745 1701; x_wconf 90' lang='lat' dir='ltr'>mani-</span> 
     </span>
     <span class='ocr_line' id='line_1_28' title="bbox 38 1717 1745 1777; baseline -0.001 -16"><span class='ocrx_word' id='word_1_214' title='bbox 38 1717 205 1761; x_wconf 88' lang='lat' dir='ltr'>festum</span> <span class='ocrx_word' id='word_1_215' title='bbox 239 1726 324 1762; x_wconf 90' lang='lat' dir='ltr'>est.</span> <span class='ocrx_word' id='word_1_216' title='bbox 388 1718 509 1762; x_wconf 90' lang='lat' dir='ltr'>Nam</span> <span class='ocrx_word' id='word_1_217' title='bbox 543 1717 700 1762; x_wconf 90' lang='lat' dir='ltr'>Mallio</span> <span class='ocrx_word' id='word_1_218' title='bbox 746 1718 936 1777; x_wconf 89' lang='lat' dir='ltr'>innupto</span> <span class='ocrx_word' id='word_1_219' title='bbox 978 1734 1081 1762; x_wconf 92' lang='lat' dir='ltr'>cum</span> <span class='ocrx_word' id='word_1_220' title='bbox 1120 1718 1287 1776; x_wconf 89' lang='lat' dir='ltr'>puellis</span> <span class='ocrx_word' id='word_1_221' title='bbox 1320 1718 1606 1763; x_wconf 92' lang='lat' dir='ltr'>consuetudo</span> <span class='ocrx_word' id='word_1_222' title='bbox 1638 1731 1745 1760; x_wconf 86' lang='lat' dir='ltr'>esse</span> 
     </span>
     <span class='ocr_line' id='line_1_29' title="bbox 39 1775 1745 1834; baseline -0.001 -14"><span class='ocrx_word' id='word_1_223' title='bbox 39 1776 200 1834; x_wconf 87' lang='lat' dir='ltr'>potuit,</span> <span class='ocrx_word' id='word_1_224' title='bbox 239 1776 284 1820; x_wconf 92' lang='lat' dir='ltr'>in</span> <span class='ocrx_word' id='word_1_225' title='bbox 316 1791 494 1821; x_wconf 90' lang='lat' dir='ltr'>morem</span> <span class='ocrx_word' id='word_1_226' title='bbox 527 1778 697 1821; x_wconf 89' lang='lat' dir='ltr'>levium</span> <span class='ocrx_word' id='word_1_227' title='bbox 730 1777 850 1822; x_wconf 91' lang='lat' dir='ltr'>illius</span> <span class='ocrx_word' id='word_1_228' title='bbox 883 1778 1047 1822; x_wconf 90' lang='lat' dir='ltr'>aetatis</span> <span class='ocrx_word' id='word_1_229' title='bbox 1080 1778 1309 1822; x_wconf 88' lang='lat' dir='ltr'>iuvenum.</span> <span class='ocrx_word' id='word_1_230' title='bbox 1373 1775 1470 1821; x_wconf 82' lang='lat' dir='ltr'>Sed</span> <span class='ocrx_word' id='word_1_231' title='bbox 1503 1791 1606 1820; x_wconf 91' lang='lat' dir='ltr'>curn</span> <span class='ocrx_word' id='word_1_232' title='bbox 1639 1776 1745 1820; x_wconf 91' lang='lat' dir='ltr'>ami-</span> 
     </span>
     <span class='ocr_line' id='line_1_30' title="bbox 40 1835 1743 1894; baseline -0.001 -15"><span class='ocrx_word' id='word_1_233' title='bbox 40 1850 123 1879; x_wconf 92' lang='lat' dir='ltr'>cus</span> <span class='ocrx_word' id='word_1_234' title='bbox 161 1835 208 1879; x_wconf 91' lang='lat' dir='ltr'>id</span> <span class='ocrx_word' id='word_1_235' title='bbox 249 1836 472 1894; x_wconf 91' lang='lat' dir='ltr'>temporis</span> <span class='ocrx_word' id='word_1_236' title='bbox 517 1837 685 1881; x_wconf 89' lang='lat' dir='ltr'>talibus</span> <span class='ocrx_word' id='word_1_237' title='bbox 728 1836 913 1894; x_wconf 91' lang='lat' dir='ltr'>gaudiis</span> <span class='ocrx_word' id='word_1_238' title='bbox 958 1852 1048 1880; x_wconf 93' lang='lat' dir='ltr'>non</span> <span class='ocrx_word' id='word_1_239' title='bbox 1080 1852 1193 1881; x_wconf 87' lang='lat' dir='ltr'>usus</span> <span class='ocrx_word' id='word_1_240' title='bbox 1226 1836 1304 1893; x_wconf 88' lang='lat' dir='ltr'>sit,</span> <span class='ocrx_word' id='word_1_241' title='bbox 1354 1836 1606 1880; x_wconf 88' lang='lat' dir='ltr'>solitarium</span> <span class='ocrx_word' id='word_1_242' title='bbox 1640 1850 1743 1879; x_wconf 92' lang='lat' dir='ltr'>eum</span> 
     </span>
     <span class='ocr_line' id='line_1_31' title="bbox 37 1894 1746 1954; baseline -0.001 -15"><span class='ocrx_word' id='word_1_243' title='bbox 37 1894 180 1939; x_wconf 89' lang='lat' dir='ltr'>fuisse</span> <span class='ocrx_word' id='word_1_244' title='bbox 203 1894 415 1954; x_wconf 87' lang='lat' dir='ltr'>legimus.</span> <span class='ocrx_word' id='word_1_245' title='bbox 457 1895 611 1940; x_wconf 91' lang='lat' dir='ltr'>Libuit</span> <span class='ocrx_word' id='word_1_246' title='bbox 642 1905 797 1940; x_wconf 89' lang='lat' dir='ltr'>autem</span> <span class='ocrx_word' id='word_1_247' title='bbox 828 1895 940 1941; x_wconf 90' lang='lat' dir='ltr'>viris</span> <span class='ocrx_word' id='word_1_248' title='bbox 972 1896 1119 1941; x_wconf 91' lang='lat' dir='ltr'>doctis</span> <span class='ocrx_word' id='word_1_249' title='bbox 1151 1896 1395 1953; x_wconf 90' lang='lat' dir='ltr'>inquirere,</span> <span class='ocrx_word' id='word_1_250' title='bbox 1430 1910 1528 1939; x_wconf 88' lang='lat' dir='ltr'>cur</span> <span class='ocrx_word' id='word_1_251' title='bbox 1560 1894 1746 1938; x_wconf 88' lang='lat' dir='ltr'>Mallius</span> 
     </span>
     <span class='ocr_line' id='line_1_32' title="bbox 40 1953 1745 2012; baseline -0.001 -14"><span class='ocrx_word' id='word_1_252' title='bbox 40 1954 273 1999; x_wconf 83' lang='lat' dir='ltr'>»desertus</span> <span class='ocrx_word' id='word_1_253' title='bbox 290 1954 334 1999; x_wconf 94' lang='lat' dir='ltr'>in</span> <span class='ocrx_word' id='word_1_254' title='bbox 358 1955 479 2000; x_wconf 92' lang='lat' dir='ltr'>lecto</span> <span class='ocrx_word' id='word_1_255' title='bbox 502 1955 697 1999; x_wconf 84' lang='lat' dir='ltr'>caelibe«</span> <span class='ocrx_word' id='word_1_256' title='bbox 720 1964 857 2000; x_wconf 91' lang='lat' dir='ltr'>esset.</span> <span class='ocrx_word' id='word_1_257' title='bbox 899 1954 1045 1999; x_wconf 90' lang='lat' dir='ltr'>Cuius</span> <span class='ocrx_word' id='word_1_258' title='bbox 1067 1955 1133 2000; x_wconf 90' lang='lat' dir='ltr'>rei</span> <span class='ocrx_word' id='word_1_259' title='bbox 1156 1956 1275 1999; x_wconf 88' lang='lat' dir='ltr'>duae</span> <span class='ocrx_word' id='word_1_260' title='bbox 1293 1969 1461 1999; x_wconf 90' lang='lat' dir='ltr'>causae</span> <span class='ocrx_word' id='word_1_261' title='bbox 1478 1953 1745 2012; x_wconf 88' lang='lat' dir='ltr'>propositae</span> 
     </span>
     <span class='ocr_line' id='line_1_33' title="bbox 39 2013 1745 2073; baseline -0.001 -16"><span class='ocrx_word' id='word_1_262' title='bbox 39 2021 171 2067; x_wconf 74' lang='lat' dir='ltr'>sunt:</span> <span class='ocrx_word' id='word_1_263' title='bbox 213 2022 292 2058; x_wconf 89' lang='lat' dir='ltr'>aut</span> <span class='ocrx_word' id='word_1_264' title='bbox 336 2015 378 2071; x_wconf 83' lang='lat'>1)</span> <span class='ocrx_word' id='word_1_265' title='bbox 408 2014 672 2059; x_wconf 90' lang='lat' dir='ltr'>facultatem</span> <span class='ocrx_word' id='word_1_266' title='bbox 715 2014 990 2073; x_wconf 90' lang='lat' dir='ltr'>copiamque</span> <span class='ocrx_word' id='word_1_267' title='bbox 1039 2029 1249 2059; x_wconf 92' lang='lat' dir='ltr'>amorum</span> <span class='ocrx_word' id='word_1_268' title='bbox 1291 2013 1352 2058; x_wconf 90' lang='lat' dir='ltr'>illi</span> <span class='ocrx_word' id='word_1_269' title='bbox 1394 2013 1617 2067; x_wconf 85' lang='lat' dir='ltr'>defuisse,</span> <span class='ocrx_word' id='word_1_270' title='bbox 1667 2021 1745 2056; x_wconf 89' lang='lat' dir='ltr'>aut</span> 
     </span>
     <span class='ocr_line' id='line_1_34' title="bbox 39 2071 1743 2132; baseline -0.001 -16"><span class='ocrx_word' id='word_1_271' title='bbox 39 2076 82 2127; x_wconf 88' lang='lat'>2)</span> <span class='ocrx_word' id='word_1_272' title='bbox 114 2071 240 2117; x_wconf 92' lang='lat' dir='ltr'>illum</span> <span class='ocrx_word' id='word_1_273' title='bbox 274 2073 563 2132; x_wconf 89' lang='lat' dir='ltr'>voluptatum</span> <span class='ocrx_word' id='word_1_274' title='bbox 595 2074 984 2132; x_wconf 90' lang='lat' dir='ltr'>opportunitatem</span> <span class='ocrx_word' id='word_1_275' title='bbox 1020 2075 1251 2126; x_wconf 91' lang='lat' dir='ltr'>habuisse,</span> <span class='ocrx_word' id='word_1_276' title='bbox 1285 2074 1367 2117; x_wconf 90' lang='lat' dir='ltr'>sed</span> <span class='ocrx_word' id='word_1_277' title='bbox 1402 2082 1592 2131; x_wconf 90' lang='lat' dir='ltr'>propter</span> <span class='ocrx_word' id='word_1_278' title='bbox 1613 2071 1743 2128; x_wconf 88' lang='lat' dir='ltr'>aegri</span> 
     </span>
     <span class='ocr_line' id='line_1_35' title="bbox 40 2130 1742 2178; baseline -0.001 -3"><span class='ocrx_word' id='word_1_279' title='bbox 40 2131 177 2176; x_wconf 89' lang='lat' dir='ltr'>animi</span> <span class='ocrx_word' id='word_1_280' title='bbox 235 2132 504 2177; x_wconf 86' lang='lat' dir='ltr'>affectiones</span> <span class='ocrx_word' id='word_1_281' title='bbox 566 2135 623 2178; x_wconf 95' lang='lat' dir='ltr'>ab</span> <span class='ocrx_word' id='word_1_282' title='bbox 684 2133 750 2178; x_wconf 93' lang='lat' dir='ltr'>eis</span> <span class='ocrx_word' id='word_1_283' title='bbox 802 2134 1113 2178; x_wconf 82' lang='lat' dir='ltr'>abhorruisse.</span> <span class='ocrx_word' id='word_1_284' title='bbox 1196 2132 1298 2177; x_wconf 92' lang='lat' dir='ltr'>Hoc</span> <span class='ocrx_word' id='word_1_285' title='bbox 1357 2132 1558 2176; x_wconf 89' lang='lat' dir='ltr'>defendit</span> <span class='ocrx_word' id='word_1_286' title='bbox 1610 2130 1742 2175; x_wconf 90' lang='lat' dir='ltr'>Har-</span> 
     </span>
     <span class='ocr_line' id='line_1_36' title="bbox 40 2191 1744 2251; baseline -0.001 -16"><span class='ocrx_word' id='word_1_287' title='bbox 40 2191 337 2236; x_wconf 91' lang='lat' dir='ltr'>neckerus</span> <span class='ocrx_word' id='word_1_288' title='bbox 369 2194 430 2251; x_wconf 92' lang='lat' dir='ltr'>(p.</span> <span class='ocrx_word' id='word_1_289' title='bbox 451 2193 510 2249; x_wconf 86' lang='lat'>4),</span> <span class='ocrx_word' id='word_1_290' title='bbox 544 2192 655 2237; x_wconf 91' lang='lat' dir='ltr'>illud</span> <span class='ocrx_word' id='word_1_291' title='bbox 689 2192 1277 2237; x_wconf 87' lang='lat' dir='ltr'>Hoerschelmannus</span> <span class='ocrx_word' id='word_1_292' title='bbox 1298 2198 1360 2250; x_wconf 90' lang='lat' dir='ltr'>(p.</span> <span class='ocrx_word' id='word_1_293' title='bbox 1378 2194 1423 2249; x_wconf 88' lang='lat'>5)</span> <span class='ocrx_word' id='word_1_294' title='bbox 1443 2191 1744 2235; x_wconf 89' lang='lat' dir='ltr'>Weberus-</span> 
     </span>
     <span class='ocr_line' id='line_1_37' title="bbox 41 2249 1741 2310; baseline -0.001 -16"><span class='ocrx_word' id='word_1_295' title='bbox 41 2265 131 2309; x_wconf 91' lang='lat' dir='ltr'>que</span> <span class='ocrx_word' id='word_1_296' title='bbox 164 2254 222 2309; x_wconf 91' lang='lat' dir='ltr'>(p.</span> <span class='ocrx_word' id='word_1_297' title='bbox 260 2252 375 2308; x_wconf 91' lang='lat'>106).</span> <span class='ocrx_word' id='word_1_298' title='bbox 440 2251 588 2297; x_wconf 89' lang='lat' dir='ltr'>Recte</span> <span class='ocrx_word' id='word_1_299' title='bbox 636 2260 790 2296; x_wconf 89' lang='lat' dir='ltr'>autem</span> <span class='ocrx_word' id='word_1_300' title='bbox 836 2251 975 2310; x_wconf 88' lang='lat' dir='ltr'>priori</span> <span class='ocrx_word' id='word_1_301' title='bbox 1022 2266 1192 2296; x_wconf 90' lang='lat' dir='ltr'>causae</span> <span class='ocrx_word' id='word_1_302' title='bbox 1233 2251 1479 2309; x_wconf 89' lang='lat' dir='ltr'>opponitur</span> <span class='ocrx_word' id='word_1_303' title='bbox 1522 2249 1741 2300; x_wconf 87' lang='lat' dir='ltr'>Mallium,</span> 
     </span>
     <span class='ocr_line' id='line_1_38' title="bbox 39 2309 1742 2369; baseline -0.002 -15"><span class='ocrx_word' id='word_1_304' title='bbox 39 2309 78 2354; x_wconf 91' lang='lat' dir='ltr'>si</span> <span class='ocrx_word' id='word_1_305' title='bbox 116 2309 226 2368; x_wconf 60' lang='lat' dir='ltr'>&gt;ipse</span> <span class='ocrx_word' id='word_1_306' title='bbox 270 2310 439 2369; x_wconf 92' lang='lat' dir='ltr'>puellis</span> <span class='ocrx_word' id='word_1_307' title='bbox 486 2312 693 2366; x_wconf 89' lang='lat' dir='ltr'>carebat,</span> <span class='ocrx_word' id='word_1_308' title='bbox 753 2310 940 2355; x_wconf 91' lang='lat' dir='ltr'>Catullo</span> <span class='ocrx_word' id='word_1_309' title='bbox 984 2311 1170 2356; x_wconf 88' lang='lat' dir='ltr'>obicere</span> <span class='ocrx_word' id='word_1_310' title='bbox 1213 2325 1302 2354; x_wconf 93' lang='lat' dir='ltr'>non</span> <span class='ocrx_word' id='word_1_311' title='bbox 1345 2309 1573 2368; x_wconf 89' lang='lat' dir='ltr'>potuisse,</span> <span class='ocrx_word' id='word_1_312' title='bbox 1618 2309 1742 2366; x_wconf 90' lang='lat' dir='ltr'>quod</span> 
     </span>
     <span class='ocr_line' id='line_1_39' title="bbox 42 2367 1743 2429; baseline -0.001 -17"><span class='ocrx_word' id='word_1_313' title='bbox 42 2367 257 2414; x_wconf 89' lang='lat' dir='ltr'>Veronae</span> <span class='ocrx_word' id='word_1_314' title='bbox 304 2379 585 2425; x_wconf 89' lang='lat' dir='ltr'>moraretur,</span> <span class='ocrx_word' id='word_1_315' title='bbox 631 2370 674 2415; x_wconf 92' lang='lat' dir='ltr'>in</span> <span class='ocrx_word' id='word_1_316' title='bbox 723 2370 895 2429; x_wconf 91' lang='lat' dir='ltr'>oppido</span> <span class='ocrx_word' id='word_1_317' title='bbox 942 2385 1110 2414; x_wconf 91' lang='lat' dir='ltr'>severo</span> <span class='ocrx_word' id='word_1_318' title='bbox 1158 2368 1514 2426; x_wconf 91' lang='lat' dir='ltr'>libidinibusque</span> <span class='ocrx_word' id='word_1_319' title='bbox 1562 2367 1743 2411; x_wconf 91' lang='lat' dir='ltr'>inimico</span> 
     </span>
     <span class='ocr_line' id='line_1_40' title="bbox 39 2427 1743 2488; baseline -0.001 -16"><span class='ocrx_word' id='word_1_320' title='bbox 39 2431 131 2485; x_wconf 79' lang='lat' dir='ltr'><strong>(vv.</strong></span> <span class='ocrx_word' id='word_1_321' title='bbox 164 2433 373 2488; x_wconf 83' lang='lat'><strong>27—30).</strong></span> <span class='ocrx_word' id='word_1_322' title='bbox 436 2429 556 2474; x_wconf 89' lang='lat' dir='ltr'>Nam</span> <span class='ocrx_word' id='word_1_323' title='bbox 589 2445 675 2475; x_wconf 90' lang='lat' dir='ltr'>suo</span> <span class='ocrx_word' id='word_1_324' title='bbox 708 2430 806 2474; x_wconf 87' lang='lat' dir='ltr'>iure</span> <span class='ocrx_word' id='word_1_325' title='bbox 839 2437 977 2488; x_wconf 74' lang='lat' dir='ltr'>poeta</span> <span class='ocrx_word' id='word_1_326' title='bbox 1010 2430 1095 2473; x_wconf 92' lang='lat' dir='ltr'>hoc</span> <span class='ocrx_word' id='word_1_327' title='bbox 1129 2429 1299 2473; x_wconf 91' lang='lat' dir='ltr'>crimen</span> <span class='ocrx_word' id='word_1_328' title='bbox 1334 2428 1375 2472; x_wconf 88' lang='lat' dir='ltr'>in</span> <span class='ocrx_word' id='word_1_329' title='bbox 1410 2427 1626 2480; x_wconf 89' lang='lat' dir='ltr'>amicum,</span> <span class='ocrx_word' id='word_1_330' title='bbox 1669 2427 1743 2471; x_wconf 92' lang='lat' dir='ltr'>cui</span> 
     </span>
     <span class='ocr_line' id='line_1_41' title="bbox 39 2486 1743 2546; baseline -0.001 -15"><span class='ocrx_word' id='word_1_331' title='bbox 39 2486 127 2546; x_wconf 92' lang='lat' dir='ltr'>ipsi</span> <span class='ocrx_word' id='word_1_332' title='bbox 159 2487 283 2532; x_wconf 90' lang='lat' dir='ltr'>nulla</span> <span class='ocrx_word' id='word_1_333' title='bbox 316 2503 524 2533; x_wconf 90' lang='lat' dir='ltr'>amorum</span> <span class='ocrx_word' id='word_1_334' title='bbox 557 2489 742 2535; x_wconf 88' lang='lat' dir='ltr'>occasio</span> <span class='ocrx_word' id='word_1_335' title='bbox 776 2497 887 2542; x_wconf 87' lang='lat' dir='ltr'>erat,</span> <span class='ocrx_word' id='word_1_336' title='bbox 921 2488 1172 2533; x_wconf 90' lang='lat' dir='ltr'>reiecisset.</span> <span class='ocrx_word' id='word_1_337' title='bbox 1236 2487 1397 2545; x_wconf 89' lang='lat' dir='ltr'>Itaque</span> <span class='ocrx_word' id='word_1_338' title='bbox 1429 2486 1621 2531; x_wconf 87' lang='lat' dir='ltr'>alteram</span> <span class='ocrx_word' id='word_1_339' title='bbox 1649 2486 1743 2543; x_wconf 89' lang='lat' dir='ltr'>opi-</span> 
     </span>
     <span class='ocr_line' id='line_1_42' title="bbox 40 2545 1744 2607; baseline -0.002 -16"><span class='ocrx_word' id='word_1_340' title='bbox 40 2545 223 2592; x_wconf 88' lang='lat' dir='ltr'>nionem</span> <span class='ocrx_word' id='word_1_341' title='bbox 265 2548 418 2605; x_wconf 90' lang='lat' dir='ltr'>magis</span> <span class='ocrx_word' id='word_1_342' title='bbox 461 2549 750 2607; x_wconf 91' lang='lat' dir='ltr'>probabilem</span> <span class='ocrx_word' id='word_1_343' title='bbox 784 2562 890 2592; x_wconf 88' lang='lat' dir='ltr'>esse</span> <span class='ocrx_word' id='word_1_344' title='bbox 923 2555 1047 2606; x_wconf 90' lang='lat' dir='ltr'>puto.</span> <span class='ocrx_word' id='word_1_345' title='bbox 1112 2546 1308 2591; x_wconf 89' lang='lat' dir='ltr'>Potuit</span> <span class='ocrx_word' id='word_1_346' title='bbox 1340 2545 1525 2604; x_wconf 89' lang='lat' dir='ltr'>quidem</span> <span class='ocrx_word' id='word_1_347' title='bbox 1560 2545 1744 2589; x_wconf 88' lang='lat' dir='ltr'>Mallius</span> 
     </span>
     <span class='ocr_line' id='line_1_43' title="bbox 40 2604 1743 2665; baseline -0.001 -16"><span class='ocrx_word' id='word_1_348' title='bbox 40 2620 226 2651; x_wconf 88' lang='lat' dir='ltr'>amores</span> <span class='ocrx_word' id='word_1_349' title='bbox 265 2607 457 2661; x_wconf 87' lang='lat' dir='ltr'>sectari,</span> <span class='ocrx_word' id='word_1_350' title='bbox 499 2609 586 2653; x_wconf 94' lang='lat' dir='ltr'>sed</span> <span class='ocrx_word' id='word_1_351' title='bbox 623 2607 798 2653; x_wconf 90' lang='lat' dir='ltr'>taeduit</span> <span class='ocrx_word' id='word_1_352' title='bbox 830 2622 935 2651; x_wconf 90' lang='lat' dir='ltr'>eum</span> <span class='ocrx_word' id='word_1_353' title='bbox 968 2607 1275 2665; x_wconf 88' lang='lat' dir='ltr'>voluptatum,</span> <span class='ocrx_word' id='word_1_354' title='bbox 1319 2620 1421 2649; x_wconf 92' lang='lat' dir='ltr'>curn</span> <span class='ocrx_word' id='word_1_355' title='bbox 1454 2605 1632 2648; x_wconf 89' lang='lat' dir='ltr'>animus</span> <span class='ocrx_word' id='word_1_356' title='bbox 1665 2604 1743 2648; x_wconf 92' lang='lat' dir='ltr'>illo</span> 
     </span>
     <span class='ocr_line' id='line_1_44' title="bbox 40 2664 1743 2728; baseline -0.002 -19"><span class='ocrx_word' id='word_1_357' title='bbox 40 2679 152 2710; x_wconf 90' lang='lat' dir='ltr'>casu</span> <span class='ocrx_word' id='word_1_358' title='bbox 196 2666 398 2711; x_wconf 90' lang='lat' dir='ltr'>adverso</span> <span class='ocrx_word' id='word_1_359' title='bbox 439 2667 572 2712; x_wconf 89' lang='lat' dir='ltr'>nimis</span> <span class='ocrx_word' id='word_1_360' title='bbox 647 2681 865 2712; x_wconf 89' lang='lat' dir='ltr'>ercussus</span> <span class='ocrx_word' id='word_1_361' title='bbox 897 2675 1022 2710; x_wconf 91' lang='lat' dir='ltr'>esset</span> <span class='ocrx_word' id='word_1_362' title='bbox 1054 2666 1125 2723; x_wconf 89' lang='lat' dir='ltr'>(cf.</span> <span class='ocrx_word' id='word_1_363' title='bbox 1160 2664 1251 2710; x_wconf 90' lang='lat' dir='ltr'>Ov.</span> <span class='ocrx_word' id='word_1_364' title='bbox 1286 2680 1343 2709; x_wconf 88' lang='lat' dir='ltr'>ex</span> <span class='ocrx_word' id='word_1_365' title='bbox 1377 2664 1506 2708; x_wconf 86' lang='lat' dir='ltr'>Pont.</span> <span class='ocrx_word' id='word_1_366' title='bbox 1542 2664 1743 2728; x_wconf 79' lang='lat' dir='ltr'>Iliol33:</span> 
     </span>
     <span class='ocr_line' id='line_1_45' title="bbox 39 2723 1740 2783; baseline -0.002 -14"><span class='ocrx_word' id='word_1_367' title='bbox 39 2723 158 2770; x_wconf 89' lang='lat' dir='ltr'>»Nec</span> <span class='ocrx_word' id='word_1_368' title='bbox 204 2725 331 2770; x_wconf 91' lang='lat' dir='ltr'>vires</span> <span class='ocrx_word' id='word_1_369' title='bbox 377 2726 536 2772; x_wconf 90' lang='lat' dir='ltr'>adimit</span> <span class='ocrx_word' id='word_1_370' title='bbox 628 2727 779 2772; x_wconf 92' lang='lat' dir='ltr'>eneris</span> <span class='ocrx_word' id='word_1_371' title='bbox 827 2726 1050 2770; x_wconf 89' lang='lat' dir='ltr'>damnosa</span> <span class='ocrx_word' id='word_1_372' title='bbox 1098 2724 1334 2783; x_wconf 91' lang='lat' dir='ltr'>voluptas,</span> <span class='ocrx_word' id='word_1_373' title='bbox 1383 2723 1486 2767; x_wconf 91' lang='lat' dir='ltr'>Non</span> <span class='ocrx_word' id='word_1_374' title='bbox 1534 2723 1652 2767; x_wconf 90' lang='lat' dir='ltr'>solet</span> <span class='ocrx_word' id='word_1_375' title='bbox 1697 2737 1740 2765; x_wconf 83' lang='lat' dir='ltr'>in</span> 
     </span>
     <span class='ocr_line' id='line_1_46' title="bbox 40 2781 1742 2842; baseline -0.002 -14"><span class='ocrx_word' id='word_1_376' title='bbox 40 2791 243 2829; x_wconf 89' lang='lat' dir='ltr'>maestos</span> <span class='ocrx_word' id='word_1_377' title='bbox 276 2784 351 2829; x_wconf 90' lang='lat' dir='ltr'>illa</span> <span class='ocrx_word' id='word_1_378' title='bbox 383 2785 542 2831; x_wconf 91' lang='lat' dir='ltr'>venire</span> <span class='ocrx_word' id='word_1_379' title='bbox 574 2790 767 2842; x_wconf 77' lang='lat' dir='ltr'>toros.«).</span> <span class='ocrx_word' id='word_1_380' title='bbox 832 2783 930 2829; x_wconf 87' lang='lat' dir='ltr'>Cur</span> <span class='ocrx_word' id='word_1_381' title='bbox 962 2792 1130 2837; x_wconf 91' lang='lat' dir='ltr'>autem,</span> <span class='ocrx_word' id='word_1_382' title='bbox 1165 2798 1355 2841; x_wconf 87' lang='lat' dir='ltr'>quaeso,</span> <span class='ocrx_word' id='word_1_383' title='bbox 1389 2782 1511 2841; x_wconf 92' lang='lat' dir='ltr'>apud</span> <span class='ocrx_word' id='word_1_384' title='bbox 1545 2781 1742 2826; x_wconf 89' lang='lat' dir='ltr'>amicum</span> 
     </span>
     <span class='ocr_line' id='line_1_47' title="bbox 39 2841 1743 2902; baseline -0.001 -16"><span class='ocrx_word' id='word_1_385' title='bbox 39 2841 225 2887; x_wconf 91' lang='lat' dir='ltr'>Mallius</span> <span class='ocrx_word' id='word_1_386' title='bbox 257 2843 463 2902; x_wconf 89' lang='lat' dir='ltr'>queritur</span> <span class='ocrx_word' id='word_1_387' title='bbox 495 2846 581 2890; x_wconf 91' lang='lat' dir='ltr'>sibi</span> <span class='ocrx_word' id='word_1_388' title='bbox 611 2846 842 2890; x_wconf 89' lang='lat' dir='ltr'>Venerem</span> <span class='ocrx_word' id='word_1_389' title='bbox 878 2843 1182 2888; x_wconf 89' lang='lat' dir='ltr'>abalienatam</span> <span class='ocrx_word' id='word_1_390' title='bbox 1216 2857 1335 2896; x_wconf 90' lang='lat' dir='ltr'>esse,</span> <span class='ocrx_word' id='word_1_391' title='bbox 1370 2842 1407 2885; x_wconf 91' lang='lat' dir='ltr'>si</span> <span class='ocrx_word' id='word_1_392' title='bbox 1440 2841 1525 2900; x_wconf 89' lang='lat' dir='ltr'>ipsi</span> <span class='ocrx_word' id='word_1_393' title='bbox 1559 2855 1743 2885; x_wconf 90' lang='lat' dir='ltr'>amores</span> 
     </span>
     <span class='ocr_line' id='line_1_48' title="bbox 39 2900 1738 2963; baseline -0.001 -18"><span class='ocrx_word' id='word_1_394' title='bbox 39 2900 222 2947; x_wconf 86' lang='lat' dir='ltr'>fastidio</span> <span class='ocrx_word' id='word_1_395' title='bbox 244 2904 383 2949; x_wconf 80' lang='lat' dir='ltr'>sunt?</span> <span class='ocrx_word' id='word_1_396' title='bbox 431 2903 694 2963; x_wconf 84' lang='lat' dir='ltr'>Diligenter</span> <span class='ocrx_word' id='word_1_397' title='bbox 715 2904 859 2948; x_wconf 90' lang='lat' dir='ltr'>verba</span> <span class='ocrx_word' id='word_1_398' title='bbox 881 2917 1101 2947; x_wconf 90' lang='lat' dir='ltr'>versuum</span> <span class='ocrx_word' id='word_1_399' title='bbox 1133 2904 1213 2962; x_wconf 91' lang='grc'>516</span> <span class='ocrx_word' id='word_1_400' title='bbox 1244 2901 1611 2959; x_wconf 90' lang='lat' dir='ltr'>contemplantes</span> <span class='ocrx_word' id='word_1_401' title='bbox 1634 2914 1738 2943; x_wconf 91' lang='lat' dir='ltr'>eum</span> 
     </span>
     <span class='ocr_line' id='line_1_49' title="bbox 39 2959 1740 3023; baseline -0.002 -19"><span class='ocrx_word' id='word_1_402' title='bbox 39 2960 353 3019; x_wconf 89' lang='lat' dir='ltr'>intellegimus</span> <span class='ocrx_word' id='word_1_403' title='bbox 384 2978 474 3007; x_wconf 92' lang='lat' dir='ltr'>non</span> <span class='ocrx_word' id='word_1_404' title='bbox 500 2964 544 3008; x_wconf 94' lang='lat' dir='ltr'>id</span> <span class='ocrx_word' id='word_1_405' title='bbox 568 2964 774 3023; x_wconf 87' lang='lat' dir='ltr'>inprimis</span> <span class='ocrx_word' id='word_1_406' title='bbox 796 2962 1015 3015; x_wconf 89' lang='lat' dir='ltr'>doluisse,</span> <span class='ocrx_word' id='word_1_407' title='bbox 1050 2962 1173 3019; x_wconf 93' lang='lat' dir='ltr'>quod</span> <span class='ocrx_word' id='word_1_408' title='bbox 1197 2961 1392 3005; x_wconf 91' lang='lat' dir='ltr'>Venus</span> <span class='ocrx_word' id='word_1_409' title='bbox 1426 2959 1577 3017; x_wconf 88' lang='lat' dir='ltr'>iniqua</span> <span class='ocrx_word' id='word_1_410' title='bbox 1600 2968 1740 3009; x_wconf 89' lang='lat' dir='ltr'>esset,</span> 
     </span>
    </p>
   </div>
  </div>
 </body>
</html>
