1942 3380
15 375 218 431 'partem
251 372 501 428 attuleris¹)
536 372 770 418 Catullum
799 375 1012 419 versibus
1039 390 1149 434 15—-
1232 390 1308 419 res
1330 376 1469 420 modo
1491 376 1740 421 amatorias

40 433 282 487 detestari,
330 447 420 476 non
468 441 621 476 autem
669 433 838 478 amoris
870 435 1083 479 sensum!
1152 389 1210 479 ἐξ
1242 435 1361 479 enim
1395 435 1539 492 leges,
1574 435 1742 493 quibus

39 491 176 536 animi
207 490 394 536 humani
426 491 721 536 condiciones
753 502 798 536 et
831 502 1062 538 momenta
1084 492 1373 547 definiuntur,
1408 494 1736 549 considerabis,

39 551 308 599 incredibile
340 564 447 603 esse
478 550 706 595 videbitur
738 552 967 596 hominem
999 553 1179 597 sincere
1210 560 1349 610 atque
1378 569 1434 597 ex
1459 553 1608 598 animo
1629 567 1740 610 gau·

39 610 225 655 dentem
249 610 577 668 dolentemque
599 610 881 655 licentiosam
905 611 1218 656 invitationem
1241 627 1353 670 prae
1369 612 1501 670 gravi
1522 627 1740 657 aerumna

39 670 294 715 abhorrere
326 677 374 714 et
405 669 570 714 eodem
605 670 825 728 temporis
858 671 1056 727 vestigio
1089 671 1316 727 imagines
1348 686 1573 716 venereas
1602 671 1741 716 libidi-

39 744 180 774 nosas
215 744 275 773 ue
307 736 412 773 ante
446 729 606 773 oculos
638 729 811 773 habere
844 730 914 781 (cf.
950 729 1230 774 Weisium
1270 730 1381 788 1863
1412 746 1454 789 p.
1487 739 1546 789 5).
1746 772 1753 778 .

183 743 320 844 &uae
353 797 627 845 argumenta
653 788 789 832 etiam
813 788 1118 833 Skutschii
1150 794 1209 847 (p.
1239 790 1323 847 138
1343 797 1462 847 sqq.)
1485 790 1741 835 sententiae

39 848 98 892 de
125 863 305 892 conexu
329 847 581 892 carminum
608 847 821 891 LXVIII²²
841 856 886 891 et
903 849 921 874 b
941 849 1138 892 obstant.
1181 847 1224 892 [s
1242 848 1362 892 enim
1383 847 1616 893 Catullum
1633 849 1739 894 facit

39 906 266 951 dicentem
308 921 382 961 se,
418 907 541 965 quod
573 922 709 950 unam
742 915 917 950 tantum
959 907 1195 965 capsulam
1235 908 1424 962 habeat,
1467 908 1543 952 nil
1583 909 1688 953 ascri
1727 935 1740 942 ·

39 975 210 1010 torum«
257 966 405 1010 amico
452 966 632 1010 mittere
680 981 840 1024 posse,
896 966 972 1024 qui
1020 974 1262 1011 contentus
1305 981 1410 1012 esse
1453 967 1619 1012 debeat
1663 924 1741 1011 ill³o

40 1025 243 1069 carmine
283 1025 599 1084 »scriptorum«
647 1026 748 1069 loco
796 1025 835 1069 ei
885 1025 1070 1083 proprie
1117 1025 1385 1084 composito.
1449 1026 1513 1070 At
1554 1035 1741 1085 praeter

39 1084 324 1129 obiectiones
374 1099 517 1143 supra
563 1084 786 1128 dissertas
835 1085 1171 1129 recordandum
1221 1093 1291 1129 est
1339 1084 1417 1129 illo
1459 1085 1740 1130 Skutschi

39 1143 281 1203 proposito
315 1143 360 1188 in
393 1143 568 1188 incerto
601 1143 817 1202 relinqui,
852 1159 933 1187 cur
967 1143 1178 1188 Catullus
1210 1158 1348 1188 unam
1381 1145 1616 1203 capsulam
1650 1160 1741 1188 non

40 1204 51 1247 i
87 1218 185 1247 sam
227 1202 424 1256 miserit,
472 1203 555 1247 sed
599 1218 684 1261 pro
727 1218 781 1247 ea
815 1203 936 1247 aliud
970 1217 1135 1247 munus
1167 1203 1411 1260 poeticum.
1481 1203 1599 1247 Nam
1633 1219 1739 1247 num

89 1262 399 1307 kutschius
446 1278 471 1306 e
521 1262 675 1306 verbis
728 1262 941 1306 carminis
988 1261 1201 1306 LXVIII²
1240 1262 1377 1306 talem
1431 1261 1537 1306 doni
1585 1262 1740 1307 vicarii

40 1321 314 1366 sententiam
348 1321 593 1365 enucleare
625 1321 784 1379 possit,
818 1321 954 1365 valde
987 1321 1157 1365 dubito.
1219 1321 1292 1365 Ac
1326 1337 1382 1365 ne
1425 1337 1483 1366 ex
1526 1321 1741 1380 opinione

40 1381 226 1439 quidem
256 1380 333 1424 illa
366 1379 586 1438 cogitatio
609 1380 795 1424 carmini
819 1379 993 1424 immitti
1026 1388 1191 1438 potest.
1256 1379 1411 1424 Verba
1435 1380 1554 1425 enim
1577 1395 1741 1425 versus

40 1455 117 1498 39:
157 1455 266 1484 »non
304 1440 563 1497 utriusque«
596 1440 670 1495 (--
697 1439 961 1483 alterutrius
993 1443 1186 1493 tantum)
1225 1455 1314 1483 non
1354 1440 1441 1483 iam
1479 1439 1740 1484 summatim

40 1500 99 1544 ad
131 1499 388 1543 »Musarum
422 1514 632 1543 muneram
664 1499 1016 1556 qualiacumque
1046 1498 1220 1542 referre
1252 1498 1369 1553 licet,
1404 1499 1486 1543 sed
1509 1499 1741 1543 declaran-

39 1559 149 1603 dum
182 1567 275 1603 est:
309 1557 574 1603 alterutrius
605 1565 795 1611 tantum,
828 1558 854 1602 i.
888 1573 925 1602 e.
960 1572 1198 1601 munerum
1221 1557 1458 1601 Musarum
1481 1576 1537 1596 z
1558 1566 1740 1616 poema-

41 1627 159 1670 tum,
203 1633 324 1676 quae
365 1617 612 1676 qualiaque
653 1615 1039 1675 praecedentibus
1071 1614 1144 1660 vv'.
1179 1617 1355 1674 33-—36
1395 1616 1580 1660 definita
1621 1625 1738 1661 sunt.

41 1678 202 1736 Itaque
239 1677 410 1721 licitum
450 1691 540 1720 non
582 1684 652 1720 est
697 1675 818 1719 aliud
856 1675 1108 1733 cogitatum
1150 1675 1192 1719 in
1238 1691 1279 1718 v.
1313 1689 1371 1733 39
1411 1675 1643 1741 inopinato
1674 1691 1740 1719 re-

40 1751 216 1795 ponere
249 1736 392 1787 (velut
424 1734 638 1780 carminis
670 1735 808 1779 modo
850 1734 895 1778 in
934 1734 1066 1779 amici
1100 1749 1266 1778 nomen
1299 1734 1577 1792 compositi),
1617 1734 1742 1791 quod

40 1796 178 1854 vagis
219 1795 354 1840 dictis
397 1809 657 1839 »munerum
700 1794 958 1838 Musarum«
998 1793 1270 1852 pronomine
1312 1792 1544 1837 indefinito
1577 1807 1742 1837 versus

41 1870 102 1914 39
134 1854 344 1914 repetitis
374 1854 572 1898 fortasse
604 1853 801 1911 supponi
835 1852 994 1911 possit.

185 1913 340 1972 Magis
382 1913 567 1971 quidem
613 1913 700 1956 hoc
742 1912 1038 1957 substitutum
1079 1912 1306 1970 placeret,
1350 1911 1407 1965 si,
1452 1919 1501 1955 ut
1538 1911 1743 1956 fecerunt

41 1973 220 2019 unitarii
243 1973 428 2031 quidam
461 1972 564 2029 (Ma
579 1986 727 2028 gnus
750 1971 793 2015 in
816 1971 902 2015 »FL
923 1970 1055 2027 J.-B.«.
1091 1971 1202 2028 1875
1224 1986 1266 2028 p.
1290 1971 1373 2028 851
1400 1978 1445 2014 et
1467 1970 1509 2014 in
1539 1969 1742 2026 »J.-Ber.·‹

45 2033 221 2091 1887s11
253 2048 296 2091 p.
325 2046 408 2090 150
430 2046 521 2089 sq.;
556 2031 609 2075 cf.
634 2030 872 2074 Palmer.
898 2046 941 2088 p.
965 2044 1069 2088 347;
1105 2029 1344 2074 Schanz.
1376 2028 1441 2073 R.
1468 2028 1516 2072 L.
1541 2028 1620 2073 Gr*
1643 2029 1672 2072 Ι.
1698 2044 1739 2087 p.

48 2107 131 2151 150
163 2093 265 2149 sq.),
297 2106 406 2135 »non
439 2090 697 2148 utriusque«
719 2109 776 2128 Ξ
798 2089 1040 2133 >›neutriuS<‹
1073 2103 1178 2133 esse
1211 2103 1528 2140 censeremuS,
1573 2097 1621 2132 ut
1655 2087 1741 2132 Ca·

42 2152 183 2196 tullus
225 2150 372 2209 primo
424 2158 575 2194 utrum
612 2164 670 2193 ue
711 2149 842 2193 amici
891 2157 1099 2207 optatum
1147 2147 1458 2198 recusavisse,
1503 2147 1585 2191 sed
1625 2148 1741 2191 hanc

41 2211 276 2269 repulsam
301 2209 503 2254 carmine
520 2207 557 2251 L
614 2207 737 2252 VIIIb
757 2207 912 2252 Mallio
935 2207 1119 2266 proprie
1137 2206 1349 2251 dedicato
1367 2206 1742 2264 compensavisse

43 2270 291 2314 videretur.
356 2268 478 2324 Quia
518 2276 670 2311 autem
713 2267 824 2311 illud
863 2267 1027 2311 falsum
1067 2281 1172 2310 esse
1212 2265 1383 2309 scimus
1423 2266 1490 2312 (cf.
1530 2280 1572 2323 p.
1604 2265 1740 2323 4819),

43 2331 131 2374 hoc
165 2337 320 2372 autem
355 2326 719 2372 commenticium
762 2326 1002 2383 quiddam,
1049 2324 1273 2369 eiusmodi
1316 2324 1598 2382 propositum
1642 2323 1741 2367 sine

45 2388 336 2433 cunctatione
368 2386 596 2431 reicimus.

186 2445 368 2503 Quodsi
401 2459 585 2490 carmen
620 2443 836 2487 LXVHI'»
856 2458 1006 2500 neque
1039 2443 1125 2487 illis
1158 2442 1376 2500 »scriptis
1409 2456 1468 2490 (v.
1499 2452 1572 2499 33)
1604 2442 1741 2485 deno-

44 2516 188 2551 tatum
221 2520 373 2563 neque
406 2520 432 2549 a
467 2503 651 2549 Catullo
684 2502 869 2561 proprie
901 2502 941 2546 in
968 2502 1092 2546 Malli
1127 2503 1346 2545 honorem
1380 2501 1611 2545 conditum
1636 2514 1741 2544 esse

44 2574 224 2611 constat
249 2593 291 2597 -
324 2563 513 2608 omnis
545 2561 881 2606 coniunctio
914 2561 1163 2619 partium
1195 2569 1277 2604 “et
1310 2560 1579 2604 ''sublata
1613 2572 1741 2603 esse

192 2708 217 2752 ¹)
243 2709 358 2754 Quod
385 2708 596 2753 Magnus
624 2705 820 2751 ip»J.-Ber.‹<
852 2704 988 2749 1887s11
1017 2716 1051 2749 p.
1074 2715 1141 2749 150
1164 2714 1234 2749 sqa
1263 2704 1311 2738 ad
1338 2701 1623 2738 defendendam
1644 2701 1742 2736 hanc

44 2756 270 2804 opinionem
298 2755 476 2792 adhibet:
502 2766 566 2791 vv.
597 2764 734 2800 15-32
760 2752 808 2787 ad
836 2763 995 2796 nugas
1021 2750 1189 2787 eroticas
1214 2750 1380 2786 attinere
1406 2756 1523 2795 atque
1548 2759 1618 2783 eas
1636 2748 1742 2783 solas

45 2817 67 2841 a
93 2810 213 2851 poeta
237 2803 365 2848 vitari,
392 2814 479 2839 cum
507 2803 556 2838 ab
584 2800 714 2837 animo
741 2799 894 2835 alienae
920 2798 1079 2842 suerint,
1119 2798 1284 2834 Lesbiae
1318 2804 1448 2832 autem
1483 2806 1657 2849 amorem
1684 2806 1740 2847 ar3

44 2853 203 2888 dentem
239 2850 490 2888 nihilominus
526 2861 597 2894 per
627 2848 785 2884 dolores
820 2846 858 2882 in
892 2846 1044 2882 Catullo
1080 2846 1243 2889 durare,
1280 2852 1320 2880 et
1358 2856 1379 2879 e
1418 2843 1514 2879 falsa
1542 2842 1643 2895 illius
1668 2842 1739 2876 loci

44 2899 369 2945 interpretatione
394 2899 542 2944 pendet
568 2903 607 2932 et
634 2894 814 2931 subtilem
842 2893 1128 2929 distinctionem
1158 2892 1257 2928 inter
1284 2902 1410 2937 nugas
1436 2898 1474 2926 et
1501 2901 1673 2925 carmina
1692 2889 1742 2923 de

45 2947 214 2983 Lesbiae
247 2946 448 2982 amoribus
485 2950 597 2991 pacta
631 2941 795 2986 inducit,
834 2942 991 2987 qualem
1026 2952 1068 2976 re
1102 2952 1195 2975 vera
1223 2951 1298 2974 non
1326 2938 1518 2974 exsistere
1546 2937 1741 2978 videinns;

45 2993 91 3030 cf.
119 3006 150 3030 c.
176 2993 220 3039 11,
248 2993 310 3039 111,
336 2992 383 3038 v,
411 2992 493 3036 vn,
521 2991 573 3027 xl
602 2998 671 3026 etc.
