1942 3380
936 264 1215 307 „18-

387 396 434 439 11.
471 394 573 437 Mihi
606 392 784 449 quidem
817 398 991 435 constat
1024 404 1183 434 versus
1203 390 1320 447 5—6
1349 389 1407 434 ad
1428 404 1583 434 casum
1607 388 1730 434 Malli
1752 388 1906 447 explo-

248 454 431 498 randum
463 450 757 495 conferendos
803 463 888 492 non
933 463 1049 492 esse.
1112 447 1270 502 Quare
1301 455 1484 506 praeter
1515 447 1652 492 totius
1713 447 1906 491 oematis

247 518 510 566 argumenta
542 509 664 551 solos
696 522 856 551 versus
893 520 1001 562 1-4
1032 505 1263 563 respicere
1294 519 1552 563 possumus,
1584 504 1622 549 si
1653 504 1682 548 il
1704 504 1715 549 i
1737 519 1903 549 causae

248 570 389 612 lucem
436 566 598 610 afferre
637 579 862 609 conamur.
924 563 1191 620 Priusquam
1239 571 1389 607 autem
1436 562 1520 621 ipsi
1560 563 1618 607 ad
1661 563 1777 607 hanc
1808 577 1904 606 rem

246 625 512 677 accedimus,
545 623 741 668 breviter
773 621 1188 679 contemplabimur,
1221 635 1340 678 quae
1368 620 1442 673 illi,
1476 620 1551 678 qui
1584 620 1774 677 Magni
1806 634 1904 664 sen·
1939 669 1942 680 ,

246 683 426 727 tentiam
458 681 598 726 secuti
631 689 744 732 sunt,
778 679 1038 723 invenerint.
1940 694 1942 697 ·

383 739 792 784 Harneckerus
843 737 1023 794 quidem
1076 736 1136 792 (in
1188 751 1252 794 pr.
1288 736 1394 780 1881
1444 751 1487 794 p.
1518 742 1650 800 5-7)
1698 735 1900 780 Mallium

263 797 391 842 civili
439 797 690 841 calamitate
735 795 945 839 afflictum
987 809 1090 839 esse
1133 794 1351 839 conclusit
1391 802 1436 838 et
1467 808 1556 851 qua
1588 808 1686 837 eius
1718 794 1902 838 bonae

244 857 421 899 famae
461 853 699 898 obtrectari
741 861 916 910 posset,
950 852 1075 896 velut
1105 867 1155 896 re
1190 851 1289 897 ulsa
1320 851 1363 896 in
1395 852 1665 908 magistratu
1700 851 1900 909 petendo

243 922 427 970 accepta
466 912 568 964 (-›ein
611 910 1111 968 kompromittierendes
1196 910 1383 967 ngluck«
1426 924 1468 967 p.
1500 911 1560 967 5).
1624 908 1742 953 Cum
1785 909 1901 954 enim

243 979 382 1015 totum
421 985 456 1014 c.
491 968 678 1013 LXVIII
711 984 735 1011 a
769 968 950 1012 Catullo
982 967 1055 1012 Μ’.
1090 967 1214 1012 Allio
1254 967 1297 1012 in
1337 967 1540 1012 solamen
1579 967 1767 1011 missum
1799 981 1904 1012 esse

243 1028 391 1079 vellet,
425 1042 495 1071 vv.
527 1027 698 1084 48—50
729 1035 774 1070 et
810 1040 1047 1084 151—-154,
1080 1025 1244 1084 quibus
1275 1033 1411 1083 poeta
1442 1039 1494 1069 se
1525 1025 1618 1069 Alli
1651 1039 1815 1069 nomen
1847 1025 1903 1069 ab

242 1086 418 1130 araneis
448 1085 746 1141 robigineque
776 1092 1060 1128 servaturum
1094 1098 1198 1128 esse
1261 1083 1461 1136 romittit,
1502 1082 1683 1126 maximi
1715 1083 1903 1141 putabat

242 1143 466 1187 momenti.
527 1142 639 1186 Nam
687 1142 753 1186 eis
792 1142 1060 1200 opinabatur
1101 1141 1220 1186 Catu
1243 1142 1332 1185 lum
1378 1140 1670 1199 pronuntiare
1716 1155 1768 1185 se
1808 1141 1903 1185 Alli

241 1201 428 1258 eiusque
458 1200 640 1257 generis
672 1207 925 1251 (vvestrume.
957 1215 996 1243 v.
1032 1202 1130 1258 151)
1163 1214 1325 1243 nomen
1357 1199 1449 1243 ulla
1479 1198 1490 1242 i
1530 1198 1724 1242 nominia
1756 1213 1903 1244 macu-

241 1258 320 1302 lari
352 1273 437 1302 non
469 1258 603 1301 modo
635 1273 722 1301 non
754 1272 993 1315 passurum
1025 1272 1148 1313 esse,
1190 1257 1272 1301 sed
1316 1256 1450 1301 etiam
1482 1256 1590 1300 ilud
1623 1256 1903 1314 posteritatis

241 1316 483 1360 memoriae
515 1315 793 1360 traditurum.
836 1315 945 1359 Inde
976 1323 1126 1360 autem
1159 1315 1300 1372 sequi,
1334 1314 1442 1372 quid
1464 1314 1646 1358 Mallius
1677 1314 1903 1370 doleret.1)

240 1372 334 1418 Sed
366 1373 402 1418 si
435 1373 789 1429 consideramus,
822 1374 1050 1430 quomodo
1082 1381 1217 1431 poeta
1249 1372 1291 1416 in
1324 1388 1360 1416 c.
1394 1371 1586 1416 LXVIII
1618 1371 1811 1416 amicum
1843 1373 1902 1416 ab

239 1431 483 1488 ignominia
515 1431 759 1475 defendere
791 1431 999 1488 potuerit,
1032 1430 1394 1475 Harneckeri
1427 1430 1696 1474 sententiam
1708 1432 1742 1486 2)
1774 1431 1902 1474 susti-

239 1489 331 1533 neri
375 1504 462 1532 non
504 1503 640 1546 posse
680 1489 900 1533 videmus.
962 1488 1084 1544 Quid
1126 1488 1243 1532 enim
1275 1488 1332 1532 ad
1364 1488 1640 1532 servandum
1672 1497 1749 1532 aut
1779 1487 1904 1533 resti-

239 1547 454 1591 tuendum
499 1546 643 1591 civis
684 1547 898 1590 honorem
941 1547 1012 1590 ele
1050 1546 1091 1590 ia
1133 1545 1373 1598 amatoria,
1418 1560 1507 1602 qua
1546 1545 1717 1590 amicus
1748 1554 1903 1604 partes

240 1604 411 1648 lenonis
456 1619 601 1661 agens
644 1605 932 1648 celebratur?
972 1608 1041 1658 (c.
1082 1603 1358 1649 Hoersch.
1401 1618 1443 1661 p.
1475 1604 1532 1658 6).
1606 1603 1725 1659 Quis
1766 1618 1904 1662 porro

238 1677 444 1706 *munera
475 1662 719 1706 Veneris
760 1671 805 1706 et
835 1663 1086 1707 Musarum»
1118 1671 1166 1706 ut
1198 1662 1421 1706 levamina
1452 1669 1596 1719 petat,
1629 1661 1667 1705 si
1698 1663 1757 1706 ob
1789 1661 1904 1720 peri-

238 1720 385 1764 culum
419 1721 564 1764 bonae
594 1721 742 1764 famae
772 1720 1008 1764 imminens
1039 1719 1180 1764 tristis
1211 1720 1313 1764 est‘?
1355 1719 1492 1775 Quod
1515 1727 1666 1763 autem
1691 1718 1902 1764 Catullus

239 1778 330 1822 Alli
370 1792 533 1822 nomen
573 1777 825 1822 immortale
856 1793 906 1822 se
937 1778 1217 1822 redditurum
1250 1792 1354 1821 esse
1385 1777 1514 1833 dicit,
1547 1778 1695 1821 solum
1726 1778 1904 1834 gratiae

239 1836 556 1879 documentum
589 1844 671 1891 est,
703 1835 838 1893 quale
868 1836 1051 1893 saepius
1082 1836 1202 1894 apud
1224 1843 1384 1893 poetas
1407 1835 1638 1892 elegiacos
1659 1835 1898 1893 reperitur.

240 1892 455 1957 Ceterum
479 1893 640 1950 robigo
662 1908 948 1950 araneaeque
968 1893 1219 1946 oblivionis,
1244 1908 1330 1937 non
1353 1893 1500 1937 malae
1516 1893 1662 1937 famae
1679 1893 1904 1951 imagines

239 1966 447 2008 usurpari
478 1952 638 1995 solent.

377 2021 452 2063 Ad
493 2020 721 2064 diversum
754 2020 1048 2077 inquisitionis
1080 2029 1292 2065 eventum
1324 2020 1532 2078 pervenit
1562 2019 1902 2064 Schoellius

238 2077 298 2130 (in
331 2077 486 2122 2>I⁴¹leck
507 2077 634 2133 J.-B.«r
663 2078 772 2121 1880
793 2093 835 2136 p.
856 2082 1022 2136 472s3),
1088 2078 1132 2123 ui
1155 2078 1357 2136 inprimis
1387 2079 1528 2122 verba
1558 2093 1685 2123 »casu
1717 2079 1904 2123 acerbo«

238 2144 284 2179 et
318 2135 488 2179 »mortis
520 2136 684 2179 limine«
717 2136 1057 2181 animadverten
1092 2152 1120 2180 o
1152 2136 1352 2180 Mallium
1385 2136 1560 2192 gravi
1593 2137 1794 2180 morbo
1825 2136 1902 2180 im-

239 2193 448 2250 plicatum
483 2208 586 2237 esse
618 2193 902 2238 existimavit.
950 2194 1015 2238 At
1045 2209 1178 2259 quam
1213 2194 1413 2252 ineptum
1444 2198 1514 2247 sit,
1548 2194 1774 2238 hominem
1806 2194 1902 2238 fere

239 2251 551 2294 moribundum
586 2255 654 2305 (——
690 2251 787 2309 ipse
819 2251 943 2296 Sch.
985 2253 1112 2296 dicit:
1154 2252 1271 2295 »Der
1303 2251 1482 2295 Freund
1524 2251 1581 2296 ist
1613 2252 1779 2306 krank,
1821 2261 1902 2296 tot-

239 2309 398 2352 krank«v
432 2324 472 2366 p.
490 2324 575 2365 472
597 2318 667 2365 —‘)
699 2324 903 2353 »munera
919 2309 1111 2354 Veneris
1133 2318 1178 2354 et
1202 2309 1451 2354 Musarum«
1473 2317 1702 2367 petentem
1736 2309 1900 2364 facere,

238 2366 338 2423 quis
363 2375 432 2410 est
453 2366 557 2424 quin
580 2367 812 2411 confestim
836 2367 1022 2412 videat?
1063 2367 1214 2425 Magis
1235 2367 1371 2412 dubia
1393 2367 1528 2411 etiam
1550 2367 1663 2411 haec
1679 2368 1903 2412 sententia

240 2423 416 2467 videtur
447 2439 562 2477 esse,
601 2424 638 2468 si
670 2425 952 2469 meminimus
982 2425 1340 2470 Schoellium
1373 2433 1514 2469 totum
1548 2440 1585 2469 c.
1618 2424 1810 2469 LXVIII
1842 2426 1899 2470 ad

237 2480 472 2536 (M)allium
527 2496 741 2539 aegrum
802 2483 1017 2547 scriptum
1073 2498 1178 2528 esse
1233 2499 1316 2541 pro
1350 2497 1504 2527 onere.
1575 2482 1738 2541 Neque
1783 2484 1901 2527 enim

238 2537 333 2582 fieri
367 2539 520 2596 potuit,
554 2549 601 2583 ut
633 2539 843 2584 Catullus
873 2541 1133 2599 s1mpliciter
1165 2541 1205 2585 ei
1237 2555 1324 2586 scri
1359 2549 1478 2585 eret:
1523 2540 1639 2585 »sitis
1670 2540 1825 2586 felices
1857 2551 1902 2585 et

383 2655 404 2691 ἰ
434 2656 731 2701 Respiciendum
769 2657 884 2693 ctiam
919 2668 1007 2693 esse
1047 2657 1406 2694 Harneckerus
1431 2657 1483 2704 (p.
1506 2659 1543 2698 6)
1568 2657 1669 2699 dicit,
1704 2659 1806 2704 quod
1833 2659 1901 2694 Ca-

237 2701 352 2736 tullus
387 2702 422 2737 in
449 2714 483 2736 v.
516 2714 579 2748 ¹53
603 2714 661 2748 sq.
695 2703 960 2749 Themidis,
994 2704 1215 2740 iustitiae
1250 2705 1368 2749 deae,
1406 2704 1643 2740 mentionem
1675 2704 1774 2740 fecit.
1823 2704 1901 2741 Sed

236 2747 374 2799 doctus
399 2754 512 2793 poeta
536 2759 621 2783 eam
650 2749 807 2793 induxit,
834 2755 874 2785 ut
891 2761 1051 2786 aureum
1070 2750 1266 2787 saeculum
1284 2750 1531 2796 significaret,
1556 2750 1665 2787 cuius
1682 2750 1900 2787 felicitatem

236 2804 361 2829 amico
387 2794 497 2830 tribui
525 2795 651 2830 vellet.
696 2795 792 2831 Nam
818 2795 984 2832 Themin
1009 2797 1135 2833 beatis
1160 2796 1233 2833 illis
1258 2803 1336 2833 tem
1367 2796 1499 2832 oribus
1524 2796 1677 2843 piorum
1701 2796 1901 2834 fautricem

237 2839 357 2875 fuisse
383 2841 494 2875 docet
520 2841 683 2876 Ovidius
709 2841 744 2876 in
764 2842 851 2877 Met.
870 2842 967 2888 Iliso
984 2844 1042 2886 (Ξ
1059 2843 1255 2887 Astraea).
1297 2842 1327 2878 C
1345 2868 1352 2876 .
1371 2843 1482 2879 Arat.
1500 2842 1645 2879 Phaen.
1676 2855 1712 2879 ν.
1732 2855 1800 2880 110
1815 2855 1901 2891 sqq.

377 2895 404 2941 ²)
429 2898 478 2934 ad
515 2910 628 2944 quam
668 2899 871 2945 Magnus
909 2912 1062 2946 quoque
1106 2900 1301 2937 inclinavit
1335 2900 1372 2936 in
1412 2900 1569 2946 sJ.-Ber.
1603 2901 1627 2937 s.
1659 2901 1898 2938 Altert.·w.‹

240 2943 377 2988 1887l11
405 2955 439 2989 p.
470 2955 536 2990 150
559 2956 615 2990 sq.
641 2952 680 2980 ct
706 2957 741 2989 p.
765 2947 836 2990 248
859 2957 916 2991 sq.
