<?xml version="1.0" encoding="UTF-8"?>
<!DOCTYPE html PUBLIC "-//W3C//DTD XHTML 1.0 Transitional//EN"
    "http://www.w3.org/TR/xhtml1/DTD/xhtml1-transitional.dtd">
<html xmlns="http://www.w3.org/1999/xhtml" xml:lang="en" lang="en">
 <head>
  <title>
</title>
<meta http-equiv="Content-Type" content="text/html;charset=utf-8" />
  <meta name='ocr-system' content='tesseract 3.04.00' />
  <meta name='ocr-capabilities' content='ocr_page ocr_carea ocr_par ocr_line ocrx_word'/>
</head>
<body>
  <div class='ocr_page' id='page_1' title='image "./deduodeseptuages00kalbuoft_0040.png"; bbox 0 0 1942 3380; ppageno 0'>
   <div class='ocr_carea' id='block_1_1' title="bbox 923 280 1207 324">
    <p class='ocr_par' dir='ltr' id='par_1_1' title="bbox 923 280 1207 324">
     <span class='ocr_line' id='line_1_1' title="bbox 923 280 1207 324; baseline 0 -26"><span class='ocrx_word' id='word_1_1' title='bbox 923 280 1207 324; x_wconf 59' lang='lat'><strong>-34-</strong></span> 
     </span>
    </p>
   </div>
   <div class='ocr_carea' id='block_1_2' title="bbox 230 392 1942 1606">
    <p class='ocr_par' dir='ltr' id='par_1_2' title="bbox 230 392 1942 1606">
     <span class='ocr_line' id='line_1_2' title="bbox 235 392 1894 451; baseline -0.004 -9"><span class='ocrx_word' id='word_1_2' title='bbox 235 401 349 443; x_wconf 88' lang='lat' dir='ltr'>bene</span> <span class='ocrx_word' id='word_1_3' title='bbox 381 398 727 441; x_wconf 75' lang='lat' dir='ltr'>demonstravit:</span> <span class='ocrx_word' id='word_1_4' title='bbox 769 393 1010 445; x_wconf 89' lang='lat' dir='ltr'>Catullum,</span> <span class='ocrx_word' id='word_1_5' title='bbox 1044 407 1142 436; x_wconf 90' lang='lat' dir='ltr'>cum</span> <span class='ocrx_word' id='word_1_6' title='bbox 1178 392 1218 436; x_wconf 90' lang='lat' dir='ltr'>in</span> <span class='ocrx_word' id='word_1_7' title='bbox 1253 407 1324 437; x_wconf 91' lang='lat' dir='ltr'>vv.</span> <span class='ocrx_word' id='word_1_8' title='bbox 1363 407 1531 451; x_wconf 86' lang='lat'><strong>15—32</strong></span> <span class='ocrx_word' id='word_1_9' title='bbox 1561 407 1695 437; x_wconf 89' lang='lat' dir='ltr'>omne</span> <span class='ocrx_word' id='word_1_10' title='bbox 1727 392 1894 437; x_wconf 88' lang='lat' dir='ltr'>amoris</span> 
     </span>
     <span class='ocr_line' id='line_1_3' title="bbox 235 450 1893 508; baseline -0.003 -9"><span class='ocrx_word' id='word_1_11' title='bbox 235 456 428 499; x_wconf 88' lang='lat' dir='ltr'>studium</span> <span class='ocrx_word' id='word_1_12' title='bbox 463 469 528 502; x_wconf 71' lang='lat' dir='ltr'>i</span> <span class='ocrx_word' id='word_1_13' title='bbox 557 454 615 497; x_wconf 86' lang='lat' dir='ltr'>ita</span> <span class='ocrx_word' id='word_1_14' title='bbox 648 453 768 496; x_wconf 92' lang='lat' dir='ltr'>illum</span> <span class='ocrx_word' id='word_1_15' title='bbox 803 453 947 495; x_wconf 90' lang='lat' dir='ltr'>locum</span> <span class='ocrx_word' id='word_1_16' title='bbox 982 450 1367 508; x_wconf 88' lang='lat' dir='ltr'>interpretandum</span> <span class='ocrx_word' id='word_1_17' title='bbox 1395 465 1499 495; x_wconf 89' lang='lat' dir='ltr'>esse</span> <span class='ocrx_word' id='word_1_18' title='bbox 1521 450 1631 495; x_wconf 86' lang='lat' dir='ltr'>infra</span> <span class='ocrx_word' id='word_1_19' title='bbox 1654 450 1893 508; x_wconf 87' lang='lat' dir='ltr'>explicabo</span> 
     </span>
     <span class='ocr_line' id='line_1_4' title="bbox 230 507 1892 571; baseline -0.003 -15"><span class='ocrx_word' id='word_1_20' title='bbox 230 514 283 556; x_wconf 84' lang='lat' dir='ltr'>cf.</span> <span class='ocrx_word' id='word_1_21' title='bbox 317 529 357 571; x_wconf 91' lang='lat' dir='ltr'>p.</span> <span class='ocrx_word' id='word_1_22' title='bbox 388 528 444 569; x_wconf 84' lang='lat'>44</span> <span class='ocrx_word' id='word_1_23' title='bbox 482 523 547 556; x_wconf 73' lang='lat' dir='ltr'>—l</span> <span class='ocrx_word' id='word_1_24' title='bbox 588 526 638 554; x_wconf 92' lang='lat' dir='ltr'>se</span> <span class='ocrx_word' id='word_1_25' title='bbox 682 511 929 554; x_wconf 87' lang='lat' dir='ltr'>abhorrere</span> <span class='ocrx_word' id='word_1_26' title='bbox 971 508 1142 552; x_wconf 90' lang='lat' dir='ltr'>diceret</span> <span class='ocrx_word' id='word_1_27' title='bbox 1184 508 1254 564; x_wconf 89' lang='lat' dir='ltr'>(cf.</span> <span class='ocrx_word' id='word_1_28' title='bbox 1289 507 1423 552; x_wconf 86' lang='lat' dir='ltr'>Birt.</span> <span class='ocrx_word' id='word_1_29' title='bbox 1456 523 1499 566; x_wconf 89' lang='lat' dir='ltr'>p.</span> <span class='ocrx_word' id='word_1_30' title='bbox 1529 509 1635 566; x_wconf 80' lang='lat' dir='ltr'>5s6),</span> <span class='ocrx_word' id='word_1_31' title='bbox 1680 523 1705 552; x_wconf 90' lang='lat' dir='ltr'>a</span> <span class='ocrx_word' id='word_1_32' title='bbox 1738 507 1892 552; x_wconf 91' lang='lat' dir='ltr'>Mallio</span> 
     </span>
     <span class='ocr_line' id='line_1_5' title="bbox 266 565 1892 623; baseline -0.002 -9"><span class='ocrx_word' id='word_1_33' title='bbox 266 570 566 614; x_wconf 89' lang='lat' dir='ltr'>uodammodo</span> <span class='ocrx_word' id='word_1_34' title='bbox 598 568 841 612; x_wconf 87' lang='lat' dir='ltr'>excitatum</span> <span class='ocrx_word' id='word_1_35' title='bbox 873 581 999 618; x_wconf 90' lang='lat' dir='ltr'>esse,</span> <span class='ocrx_word' id='word_1_36' title='bbox 1044 573 1095 609; x_wconf 86' lang='lat' dir='ltr'>ut</span> <span class='ocrx_word' id='word_1_37' title='bbox 1140 565 1265 623; x_wconf 90' lang='lat' dir='ltr'>ipse</span> <span class='ocrx_word' id='word_1_38' title='bbox 1305 566 1517 610; x_wconf 89' lang='lat' dir='ltr'>amoris</span> <span class='ocrx_word' id='word_1_39' title='bbox 1559 565 1795 623; x_wconf 89' lang='lat' dir='ltr'>gaudiis</span> <span class='ocrx_word' id='word_1_40' title='bbox 1831 579 1892 610; x_wconf 90' lang='lat' dir='ltr'>se</span> 
     </span>
     <span class='ocr_line' id='line_1_6' title="bbox 231 586 1890 683; baseline -0.004 -11"><span class='ocrx_word' id='word_1_41' title='bbox 231 586 406 672; x_wconf 65' lang='lat' dir='ltr'>daret.</span> <span class='ocrx_word' id='word_1_42' title='bbox 478 627 632 683; x_wconf 88' lang='lat' dir='ltr'>Atque</span> <span class='ocrx_word' id='word_1_43' title='bbox 686 626 720 670; x_wconf 89' lang='lat' dir='ltr'>si</span> <span class='ocrx_word' id='word_1_44' title='bbox 769 625 1058 668; x_wconf 82' lang='lat' dir='ltr'>recordamur</span> <span class='ocrx_word' id='word_1_45' title='bbox 1114 623 1233 667; x_wconf 90' lang='lat' dir='ltr'>illam</span> <span class='ocrx_word' id='word_1_46' title='bbox 1279 624 1473 681; x_wconf 87' lang='lat' dir='ltr'>priorem</span> <span class='ocrx_word' id='word_1_47' title='bbox 1521 623 1650 667; x_wconf 93' lang='lat' dir='ltr'>amici</span> <span class='ocrx_word' id='word_1_48' title='bbox 1697 624 1890 681; x_wconf 89' lang='lat' dir='ltr'>inopiam</span> 
     </span>
     <span class='ocr_line' id='line_1_7' title="bbox 234 680 1893 743; baseline -0.003 -14"><span class='ocrx_word' id='word_1_49' title='bbox 234 699 322 733; x_wconf 74' lang='lat' dir='ltr'>(vv.</span> <span class='ocrx_word' id='word_1_50' title='bbox 355 686 447 743; x_wconf 56' lang='lat' dir='ltr'>5s6)</span> <span class='ocrx_word' id='word_1_51' title='bbox 488 694 532 728; x_wconf 93' lang='lat' dir='ltr'>et</span> <span class='ocrx_word' id='word_1_52' title='bbox 571 683 839 728; x_wconf 89' lang='lat' dir='ltr'>conferimus</span> <span class='ocrx_word' id='word_1_53' title='bbox 880 680 1080 739; x_wconf 87' lang='lat' dir='ltr'>inprimis</span> <span class='ocrx_word' id='word_1_54' title='bbox 1114 696 1184 725; x_wconf 92' lang='lat' dir='ltr'>vv.</span> <span class='ocrx_word' id='word_1_55' title='bbox 1216 695 1401 739; x_wconf 85' lang='lat' dir='ltr'>27—3o‚</span> <span class='ocrx_word' id='word_1_56' title='bbox 1447 690 1570 726; x_wconf 91' lang='lat' dir='ltr'>certa</span> <span class='ocrx_word' id='word_1_57' title='bbox 1603 681 1702 725; x_wconf 91' lang='lat' dir='ltr'>luce</span> <span class='ocrx_word' id='word_1_58' title='bbox 1733 695 1893 725; x_wconf 88' lang='lat' dir='ltr'>omnes</span> 
     </span>
     <span class='ocr_line' id='line_1_8' title="bbox 232 738 1893 797; baseline -0.003 -10"><span class='ocrx_word' id='word_1_59' title='bbox 232 743 516 787; x_wconf 86' lang='lat' dir='ltr'>condiciones</span> <span class='ocrx_word' id='word_1_60' title='bbox 557 742 779 785; x_wconf 89' lang='lat' dir='ltr'>illustrare</span> <span class='ocrx_word' id='word_1_61' title='bbox 819 754 1074 797; x_wconf 67' lang='lat' dir='ltr'>possumus</span> <span class='ocrx_word' id='word_1_62' title='bbox 1137 738 1203 783; x_wconf 90' lang='lat' dir='ltr'>Ita</span> <span class='ocrx_word' id='word_1_63' title='bbox 1242 739 1358 783; x_wconf 89' lang='lat' dir='ltr'>enim</span> <span class='ocrx_word' id='word_1_64' title='bbox 1391 739 1747 783; x_wconf 89' lang='lat' dir='ltr'>ratiocinandum</span> <span class='ocrx_word' id='word_1_65' title='bbox 1788 753 1893 783; x_wconf 92' lang='lat' dir='ltr'>esse</span> 
     </span>
     <span class='ocr_line' id='line_1_9' title="bbox 234 796 1892 865; baseline -0.002 -21"><span class='ocrx_word' id='word_1_66' title='bbox 234 811 362 865; x_wconf 90' lang='lat' dir='ltr'>puto:</span> <span class='ocrx_word' id='word_1_67' title='bbox 410 800 589 843; x_wconf 89' lang='lat' dir='ltr'>Mallius</span> <span class='ocrx_word' id='word_1_68' title='bbox 631 813 835 842; x_wconf 90' lang='lat' dir='ltr'>somnum</span> <span class='ocrx_word' id='word_1_69' title='bbox 878 812 1041 854; x_wconf 85' lang='lat' dir='ltr'>capere</span> <span class='ocrx_word' id='word_1_70' title='bbox 1075 811 1162 840; x_wconf 88' lang='lat' dir='ltr'>non</span> <span class='ocrx_word' id='word_1_71' title='bbox 1201 797 1366 854; x_wconf 91' lang='lat' dir='ltr'>potuit,</span> <span class='ocrx_word' id='word_1_72' title='bbox 1410 796 1515 854; x_wconf 91' lang='lat' dir='ltr'>quia</span> <span class='ocrx_word' id='word_1_73' title='bbox 1549 796 1760 848; x_wconf 88' lang='lat' dir='ltr'>Veneris,</span> <span class='ocrx_word' id='word_1_74' title='bbox 1802 811 1892 853; x_wconf 88' lang='lat' dir='ltr'>qua</span> 
     </span>
     <span class='ocr_line' id='line_1_10' title="bbox 234 854 1942 912; baseline -0.002 -11"><span class='ocrx_word' id='word_1_75' title='bbox 234 859 353 902; x_wconf 80' lang='lat' dir='ltr'>illum</span> <span class='ocrx_word' id='word_1_76' title='bbox 395 858 619 901; x_wconf 88' lang='lat' dir='ltr'>adducere</span> <span class='ocrx_word' id='word_1_77' title='bbox 661 856 802 907; x_wconf 90' lang='lat' dir='ltr'>licuit,</span> <span class='ocrx_word' id='word_1_78' title='bbox 855 855 1123 911; x_wconf 86' lang='lat' dir='ltr'>gaudiorum</span> <span class='ocrx_word' id='word_1_79' title='bbox 1166 863 1351 912; x_wconf 92' lang='lat' dir='ltr'>propter</span> <span class='ocrx_word' id='word_1_80' title='bbox 1391 855 1524 899; x_wconf 90' lang='lat' dir='ltr'>animi</span> <span class='ocrx_word' id='word_1_81' title='bbox 1571 854 1892 898; x_wconf 88' lang='lat' dir='ltr'>demissionem</span> <span class='ocrx_word' id='word_1_82' title='bbox 1939 887 1942 908; x_wconf 58' lang='lat'>2</span> 
     </span>
     <span class='ocr_line' id='line_1_11' title="bbox 234 911 1942 971; baseline -0.002 -12"><span class='ocrx_word' id='word_1_83' title='bbox 234 931 334 959; x_wconf 89' lang='lat' dir='ltr'>eum</span> <span class='ocrx_word' id='word_1_84' title='bbox 368 915 589 966; x_wconf 90' lang='lat' dir='ltr'>taedebat,</span> <span class='ocrx_word' id='word_1_85' title='bbox 624 914 758 970; x_wconf 90' lang='lat' dir='ltr'>idque</span> <span class='ocrx_word' id='word_1_86' title='bbox 791 914 956 956; x_wconf 93' lang='lat' dir='ltr'>malum</span> <span class='ocrx_word' id='word_1_87' title='bbox 991 911 1172 956; x_wconf 92' lang='lat' dir='ltr'>Catullo</span> <span class='ocrx_word' id='word_1_88' title='bbox 1204 912 1348 956; x_wconf 91' lang='lat' dir='ltr'>amico</span> <span class='ocrx_word' id='word_1_89' title='bbox 1380 921 1570 970; x_wconf 89' lang='lat' dir='ltr'>questus</span> <span class='ocrx_word' id='word_1_90' title='bbox 1602 921 1684 956; x_wconf 90' lang='lat' dir='ltr'>est.</span> <span class='ocrx_word' id='word_1_91' title='bbox 1740 911 1892 956; x_wconf 91' lang='lat' dir='ltr'>Voluit</span> <span class='ocrx_word' id='word_1_92' title='bbox 1940 966 1942 971; x_wconf 18' lang='grc' dir='ltr'><strong><em>Α</em></strong></span> 
     </span>
     <span class='ocr_line' id='line_1_12' title="bbox 235 970 1942 1030; baseline -0.002 -13"><span class='ocrx_word' id='word_1_93' title='bbox 235 988 347 1029; x_wconf 88' lang='lat' dir='ltr'>ergo</span> <span class='ocrx_word' id='word_1_94' title='bbox 379 981 556 1030; x_wconf 74' lang='lat' dir='ltr'>poetam</span> <span class='ocrx_word' id='word_1_95' title='bbox 589 972 671 1015; x_wconf 90' lang='lat' dir='ltr'>sibi</span> <span class='ocrx_word' id='word_1_96' title='bbox 704 971 878 1014; x_wconf 90' lang='lat' dir='ltr'>illarum</span> <span class='ocrx_word' id='word_1_97' title='bbox 913 970 1192 1027; x_wconf 90' lang='lat' dir='ltr'>voluptatum</span> <span class='ocrx_word' id='word_1_98' title='bbox 1226 970 1478 1028; x_wconf 89' lang='lat' dir='ltr'>cupidinem</span> <span class='ocrx_word' id='word_1_99' title='bbox 1513 971 1662 1014; x_wconf 89' lang='lat' dir='ltr'>denuo</span> <span class='ocrx_word' id='word_1_100' title='bbox 1694 970 1891 1014; x_wconf 84' lang='lat' dir='ltr'>incitare.</span> <span class='ocrx_word' id='word_1_101' title='bbox 1939 976 1942 1026; x_wconf 69' lang='grc' dir='ltr'><strong>ξ</strong></span> 
     </span>
     <span class='ocr_line' id='line_1_13' title="bbox 238 1027 1893 1087; baseline -0.001 -13"><span class='ocrx_word' id='word_1_102' title='bbox 238 1031 401 1087; x_wconf 85' lang='lat' dir='ltr'>ltaque,</span> <span class='ocrx_word' id='word_1_103' title='bbox 426 1030 544 1087; x_wconf 88' lang='lat' dir='ltr'>quod</span> <span class='ocrx_word' id='word_1_104' title='bbox 569 1030 774 1073; x_wconf 87' lang='lat' dir='ltr'>versibus</span> <span class='ocrx_word' id='word_1_105' title='bbox 797 1042 969 1085; x_wconf 84' lang='lat'><strong>27—30</strong></span> <span class='ocrx_word' id='word_1_106' title='bbox 990 1036 1191 1086; x_wconf 87' lang='lat' dir='ltr'>apparet,</span> <span class='ocrx_word' id='word_1_107' title='bbox 1225 1027 1405 1072; x_wconf 89' lang='lat' dir='ltr'>Mallius</span> <span class='ocrx_word' id='word_1_108' title='bbox 1426 1036 1589 1086; x_wconf 73' lang='lat' dir='ltr'>poetae</span> <span class='ocrx_word' id='word_1_109' title='bbox 1611 1027 1893 1082; x_wconf 87' lang='lat' dir='ltr'>criminidat,</span> 
     </span>
     <span class='ocr_line' id='line_1_14' title="bbox 234 1085 1895 1146; baseline -0.001 -15"><span class='ocrx_word' id='word_1_110' title='bbox 234 1089 351 1146; x_wconf 84' lang='lat' dir='ltr'>quod</span> <span class='ocrx_word' id='word_1_111' title='bbox 392 1088 617 1139; x_wconf 79' lang='lat' dir='ltr'>Veronae,</span> <span class='ocrx_word' id='word_1_112' title='bbox 665 1087 737 1130; x_wconf 89' lang='lat' dir='ltr'>ubi</span> <span class='ocrx_word' id='word_1_113' title='bbox 786 1101 937 1130; x_wconf 87' lang='lat' dir='ltr'>mores</span> <span class='ocrx_word' id='word_1_114' title='bbox 983 1085 1239 1130; x_wconf 87' lang='lat' dir='ltr'>severiores</span> <span class='ocrx_word' id='word_1_115' title='bbox 1279 1086 1387 1139; x_wconf 88' lang='lat' dir='ltr'>sint,</span> <span class='ocrx_word' id='word_1_116' title='bbox 1465 1100 1568 1129; x_wconf 91' lang='lat' dir='ltr'>uam</span> <span class='ocrx_word' id='word_1_117' title='bbox 1611 1085 1687 1142; x_wconf 89' lang='lat' dir='ltr'>qui</span> <span class='ocrx_word' id='word_1_118' title='bbox 1727 1085 1895 1129; x_wconf 87' lang='lat' dir='ltr'>homini</span> 
     </span>
     <span class='ocr_line' id='line_1_15' title="bbox 232 1142 1895 1202; baseline -0.001 -13"><span class='ocrx_word' id='word_1_119' title='bbox 232 1146 495 1202; x_wconf 89' lang='lat' dir='ltr'>elegantiori</span> <span class='ocrx_word' id='word_1_120' title='bbox 540 1144 827 1196; x_wconf 88' lang='lat' dir='ltr'>conveniant,</span> <span class='ocrx_word' id='word_1_121' title='bbox 873 1144 1042 1187; x_wconf 88' lang='lat' dir='ltr'>tamdiu</span> <span class='ocrx_word' id='word_1_122' title='bbox 1074 1152 1306 1187; x_wconf 87' lang='lat' dir='ltr'>remaneat</span> <span class='ocrx_word' id='word_1_123' title='bbox 1319 1147 1363 1198; x_wconf 85' lang='lat'>¹).</span> <span class='ocrx_word' id='word_1_124' title='bbox 1475 1144 1633 1201; x_wconf 91' lang='lat' dir='ltr'>ptabat</span> <span class='ocrx_word' id='word_1_125' title='bbox 1663 1142 1812 1200; x_wconf 84' lang='lat' dir='ltr'>igitur,</span> <span class='ocrx_word' id='word_1_126' title='bbox 1845 1151 1895 1188; x_wconf 89' lang='lat' dir='ltr'>ut</span> 
     </span>
     <span class='ocr_line' id='line_1_16' title="bbox 233 1200 1892 1258; baseline -0.002 -11"><span class='ocrx_word' id='word_1_127' title='bbox 233 1203 439 1247; x_wconf 84' lang='lat' dir='ltr'>Catullus</span> <span class='ocrx_word' id='word_1_128' title='bbox 464 1203 643 1246; x_wconf 87' lang='lat' dir='ltr'>Verona</span> <span class='ocrx_word' id='word_1_129' title='bbox 676 1202 944 1246; x_wconf 86' lang='lat' dir='ltr'>discederet.</span> <span class='ocrx_word' id='word_1_130' title='bbox 987 1200 1067 1246; x_wconf 87' lang='lat' dir='ltr'>Sin</span> <span class='ocrx_word' id='word_1_131' title='bbox 1101 1210 1249 1245; x_wconf 90' lang='lat' dir='ltr'>autem</span> <span class='ocrx_word' id='word_1_132' title='bbox 1283 1202 1368 1245; x_wconf 89' lang='lat' dir='ltr'>hoc</span> <span class='ocrx_word' id='word_1_133' title='bbox 1401 1201 1630 1245; x_wconf 89' lang='lat' dir='ltr'>inventum</span> <span class='ocrx_word' id='word_1_134' title='bbox 1663 1200 1892 1258; x_wconf 87' lang='lat' dir='ltr'>coniungi·</span> 
     </span>
     <span class='ocr_line' id='line_1_17' title="bbox 234 1258 1895 1316; baseline -0.001 -12"><span class='ocrx_word' id='word_1_135' title='bbox 234 1276 330 1304; x_wconf 94' lang='lat' dir='ltr'>mus</span> <span class='ocrx_word' id='word_1_136' title='bbox 363 1276 462 1304; x_wconf 86' lang='lat' dir='ltr'>curn</span> <span class='ocrx_word' id='word_1_137' title='bbox 496 1261 567 1303; x_wconf 89' lang='lat' dir='ltr'>illa</span> <span class='ocrx_word' id='word_1_138' title='bbox 600 1261 723 1303; x_wconf 93' lang='lat' dir='ltr'>Malli</span> <span class='ocrx_word' id='word_1_139' title='bbox 786 1274 902 1312; x_wconf 85' lang='lat' dir='ltr'>rece,</span> <span class='ocrx_word' id='word_1_140' title='bbox 936 1259 1206 1303; x_wconf 89' lang='lat' dir='ltr'>concludere</span> <span class='ocrx_word' id='word_1_141' title='bbox 1239 1259 1355 1311; x_wconf 88' lang='lat' dir='ltr'>licet,</span> <span class='ocrx_word' id='word_1_142' title='bbox 1388 1274 1477 1316; x_wconf 91' lang='lat' dir='ltr'>qua</span> <span class='ocrx_word' id='word_1_143' title='bbox 1509 1258 1682 1303; x_wconf 88' lang='lat' dir='ltr'>ratione</span> <span class='ocrx_word' id='word_1_144' title='bbox 1715 1258 1895 1302; x_wconf 89' lang='lat' dir='ltr'>Mallius</span> 
     </span>
     <span class='ocr_line' id='line_1_18' title="bbox 231 1275 1890 1375; baseline -0.002 -12"><span class='ocrx_word' id='word_1_145' title='bbox 231 1335 255 1363; x_wconf 90' lang='lat' dir='ltr'>a</span> <span class='ocrx_word' id='word_1_146' title='bbox 289 1318 469 1362; x_wconf 89' lang='lat' dir='ltr'>Catullo</span> <span class='ocrx_word' id='word_1_147' title='bbox 501 1333 705 1361; x_wconf 77' lang='lat' dir='ltr'>»munera</span> <span class='ocrx_word' id='word_1_148' title='bbox 728 1275 936 1361; x_wconf 52' lang='lat' dir='ltr'>&amp;Veneris-x</span> <span class='ocrx_word' id='word_1_149' title='bbox 967 1317 1187 1375; x_wconf 89' lang='lat' dir='ltr'>petiverit.</span> <span class='ocrx_word' id='word_1_150' title='bbox 1236 1316 1487 1374; x_wconf 88' lang='lat' dir='ltr'>Cupiverat</span> <span class='ocrx_word' id='word_1_151' title='bbox 1517 1316 1634 1360; x_wconf 91' lang='lat' dir='ltr'>enim</span> <span class='ocrx_word' id='word_1_152' title='bbox 1659 1315 1890 1361; x_wconf 88' lang='lat' dir='ltr'>Catullum</span> 
     </span>
     <span class='ocr_line' id='line_1_19' title="bbox 234 1374 1893 1432; baseline 0 -13"><span class='ocrx_word' id='word_1_153' title='bbox 234 1377 411 1420; x_wconf 90' lang='lat' dir='ltr'>Verona</span> <span class='ocrx_word' id='word_1_154' title='bbox 443 1377 499 1419; x_wconf 90' lang='lat' dir='ltr'>ad</span> <span class='ocrx_word' id='word_1_155' title='bbox 530 1391 580 1419; x_wconf 88' lang='lat' dir='ltr'>se</span> <span class='ocrx_word' id='word_1_156' title='bbox 614 1375 767 1420; x_wconf 87' lang='lat' dir='ltr'>venire</span> <span class='ocrx_word' id='word_1_157' title='bbox 799 1385 935 1431; x_wconf 90' lang='lat' dir='ltr'>atque</span> <span class='ocrx_word' id='word_1_158' title='bbox 966 1390 1122 1419; x_wconf 92' lang='lat' dir='ltr'>secum</span> <span class='ocrx_word' id='word_1_159' title='bbox 1155 1389 1332 1419; x_wconf 91' lang='lat' dir='ltr'>amores</span> <span class='ocrx_word' id='word_1_160' title='bbox 1354 1374 1623 1419; x_wconf 89' lang='lat' dir='ltr'>somniferos</span> <span class='ocrx_word' id='word_1_161' title='bbox 1645 1374 1893 1432; x_wconf 88' lang='lat' dir='ltr'>suscipere,</span> 
     </span>
     <span class='ocr_line' id='line_1_20' title="bbox 231 1431 1894 1491; baseline 0 -14"><span class='ocrx_word' id='word_1_162' title='bbox 231 1449 345 1491; x_wconf 90' lang='lat' dir='ltr'>quos</span> <span class='ocrx_word' id='word_1_163' title='bbox 376 1435 501 1478; x_wconf 88' lang='lat' dir='ltr'>solus</span> <span class='ocrx_word' id='word_1_164' title='bbox 531 1434 684 1477; x_wconf 91' lang='lat' dir='ltr'>subire</span> <span class='ocrx_word' id='word_1_165' title='bbox 717 1449 802 1477; x_wconf 94' lang='lat' dir='ltr'>non</span> <span class='ocrx_word' id='word_1_166' title='bbox 836 1433 979 1490; x_wconf 92' lang='lat' dir='ltr'>potuit</span> <span class='ocrx_word' id='word_1_167' title='bbox 1010 1433 1168 1476; x_wconf 93' lang='lat' dir='ltr'>dolore</span> <span class='ocrx_word' id='word_1_168' title='bbox 1200 1433 1481 1490; x_wconf 84' lang='lat' dir='ltr'>profligatus.</span> <span class='ocrx_word' id='word_1_169' title='bbox 1533 1432 1634 1487; x_wconf 90' lang='lat' dir='ltr'>Jam</span> <span class='ocrx_word' id='word_1_170' title='bbox 1668 1431 1894 1477; x_wconf 88' lang='lat' dir='ltr'>Parthe-</span> 
     </span>
     <span class='ocr_line' id='line_1_21' title="bbox 230 1490 1894 1535; baseline -0.001 0"><span class='ocrx_word' id='word_1_171' title='bbox 230 1492 353 1535; x_wconf 91' lang='lat' dir='ltr'>nius</span> <span class='ocrx_word' id='word_1_172' title='bbox 394 1507 502 1535; x_wconf 88' lang='lat' dir='ltr'>vera</span> <span class='ocrx_word' id='word_1_173' title='bbox 543 1507 643 1535; x_wconf 90' lang='lat' dir='ltr'>cum</span> <span class='ocrx_word' id='word_1_174' title='bbox 687 1491 811 1534; x_wconf 87' lang='lat' dir='ltr'>falsis</span> <span class='ocrx_word' id='word_1_175' title='bbox 852 1490 1082 1534; x_wconf 92' lang='lat' dir='ltr'>miscendo</span> <span class='ocrx_word' id='word_1_176' title='bbox 1125 1491 1239 1535; x_wconf 89' lang='lat' dir='ltr'>hanc</span> <span class='ocrx_word' id='word_1_177' title='bbox 1277 1490 1624 1534; x_wconf 91' lang='lat' dir='ltr'>declarationem</span> <span class='ocrx_word' id='word_1_178' title='bbox 1658 1491 1894 1534; x_wconf 87' lang='lat' dir='ltr'>adumbra-</span> 
     </span>
     <span class='ocr_line' id='line_1_22' title="bbox 232 1548 1892 1606; baseline -0.001 -14"><span class='ocrx_word' id='word_1_179' title='bbox 232 1550 350 1593; x_wconf 77' lang='lat' dir='ltr'>visse</span> <span class='ocrx_word' id='word_1_180' title='bbox 381 1549 569 1601; x_wconf 90' lang='lat' dir='ltr'>videtur,</span> <span class='ocrx_word' id='word_1_181' title='bbox 603 1564 702 1592; x_wconf 91' lang='lat' dir='ltr'>cum</span> <span class='ocrx_word' id='word_1_182' title='bbox 726 1549 816 1592; x_wconf 92' lang='lat' dir='ltr'>duo</span> <span class='ocrx_word' id='word_1_183' title='bbox 839 1548 962 1591; x_wconf 91' lang='lat' dir='ltr'>Malli</span> <span class='ocrx_word' id='word_1_184' title='bbox 985 1549 1123 1606; x_wconf 90' lang='lat' dir='ltr'>petita</span> <span class='ocrx_word' id='word_1_185' title='bbox 1144 1548 1284 1592; x_wconf 89' lang='lat' dir='ltr'>fuisse</span> <span class='ocrx_word' id='word_1_186' title='bbox 1306 1548 1490 1602; x_wconf 84' lang='lat' dir='ltr'>diceret,</span> <span class='ocrx_word' id='word_1_187' title='bbox 1556 1563 1715 1591; x_wconf 91' lang='lat' dir='ltr'>uorum</span> <span class='ocrx_word' id='word_1_188' title='bbox 1737 1563 1892 1592; x_wconf 87' lang='lat' dir='ltr'>»unum</span> 
     </span>
    </p>
   </div>
   <div class='ocr_carea' id='block_1_3' title="bbox 227 1605 1896 2758">
    <p class='ocr_par' dir='ltr' id='par_1_3' title="bbox 231 1605 1894 1778">
     <span class='ocr_line' id='line_1_23' title="bbox 231 1605 1893 1660; baseline 0.001 -10"><span class='ocrx_word' id='word_1_189' title='bbox 231 1616 326 1650; x_wconf 91' lang='lat' dir='ltr'>erat</span> <span class='ocrx_word' id='word_1_190' title='bbox 358 1607 603 1651; x_wconf 91' lang='lat' dir='ltr'>carminum</span> <span class='ocrx_word' id='word_1_191' title='bbox 637 1615 680 1650; x_wconf 89' lang='lat' dir='ltr'>et</span> <span class='ocrx_word' id='word_1_192' title='bbox 713 1606 940 1658; x_wconf 89' lang='lat' dir='ltr'>librorum,</span> <span class='ocrx_word' id='word_1_193' title='bbox 974 1606 1177 1658; x_wconf 88' lang='lat' dir='ltr'>alterum,</span> <span class='ocrx_word' id='word_1_194' title='bbox 1210 1615 1258 1650; x_wconf 92' lang='lat' dir='ltr'>ut</span> <span class='ocrx_word' id='word_1_195' title='bbox 1290 1606 1482 1650; x_wconf 91' lang='lat' dir='ltr'>Romam</span> <span class='ocrx_word' id='word_1_196' title='bbox 1517 1612 1573 1660; x_wconf 85' lang='lat'>(.)</span> <span class='ocrx_word' id='word_1_197' title='bbox 1604 1605 1791 1650; x_wconf 83' lang='lat' dir='ltr'>rediret«</span> <span class='ocrx_word' id='word_1_198' title='bbox 1822 1607 1893 1657; x_wconf 88' lang='lat' dir='ltr'>(cf.</span> 
     </span>
     <span class='ocr_line' id='line_1_24' title="bbox 231 1663 1894 1722; baseline 0 -14"><span class='ocrx_word' id='word_1_199' title='bbox 231 1664 503 1708; x_wconf 85' lang='lat' dir='ltr'>Hoersch.</span> <span class='ocrx_word' id='word_1_200' title='bbox 538 1680 578 1722; x_wconf 92' lang='lat' dir='ltr'>p.</span> <span class='ocrx_word' id='word_1_201' title='bbox 618 1679 668 1708; x_wconf 88' lang='lat'>10</span> <span class='ocrx_word' id='word_1_202' title='bbox 699 1673 744 1708; x_wconf 92' lang='lat' dir='ltr'>et</span> <span class='ocrx_word' id='word_1_203' title='bbox 775 1663 1062 1721; x_wconf 85' lang='lat' dir='ltr'>Sonnyum</span> <span class='ocrx_word' id='word_1_204' title='bbox 1095 1664 1136 1707; x_wconf 89' lang='lat' dir='ltr'>in</span> <span class='ocrx_word' id='word_1_205' title='bbox 1159 1663 1450 1708; x_wconf 87' lang='lat' dir='ltr'>›&gt;Wochschr.</span> <span class='ocrx_word' id='word_1_206' title='bbox 1481 1664 1507 1708; x_wconf 87' lang='lat' dir='ltr'>f.</span> <span class='ocrx_word' id='word_1_207' title='bbox 1543 1663 1600 1708; x_wconf 86' lang='lat' dir='ltr'>kl.</span> <span class='ocrx_word' id='word_1_208' title='bbox 1633 1663 1761 1708; x_wconf 66' lang='lat' dir='ltr'>Phil«</span> <span class='ocrx_word' id='word_1_209' title='bbox 1792 1663 1894 1708; x_wconf 91' lang='lat' dir='ltr'>VIII</span> 
     </span>
     <span class='ocr_line' id='line_1_25' title="bbox 264 1727 452 1778; baseline 0 -12"><span class='ocrx_word' id='word_1_210' title='bbox 264 1758 272 1766; x_wconf 92' lang='lat'><strong><em>.</em></strong></span> <span class='ocrx_word' id='word_1_211' title='bbox 364 1727 452 1778; x_wconf 58' lang='lat'>[47⁸.</span> 
     </span>
    </p>

    <p class='ocr_par' dir='ltr' id='par_1_4' title="bbox 229 1737 1895 2132">
     <span class='ocr_line' id='line_1_26' title="bbox 232 1737 1894 1835; baseline 0.001 -12"><span class='ocrx_word' id='word_1_212' title='bbox 232 1738 258 1780; x_wconf 73' lang='grc' dir='ltr'>Ρ</span> <span class='ocrx_word' id='word_1_213' title='bbox 305 1737 418 1824; x_wconf 83' lang='lat' dir='ltr'>53Si</span> <span class='ocrx_word' id='word_1_214' title='bbox 458 1779 652 1835; x_wconf 89' lang='lat' dir='ltr'>denique</span> <span class='ocrx_word' id='word_1_215' title='bbox 693 1779 792 1822; x_wconf 84' lang='lat' dir='ltr'>huic</span> <span class='ocrx_word' id='word_1_216' title='bbox 833 1780 889 1822; x_wconf 92' lang='lat' dir='ltr'>de</span> <span class='ocrx_word' id='word_1_217' title='bbox 921 1779 1203 1823; x_wconf 80' lang='lat' dir='ltr'>»muneribus</span> <span class='ocrx_word' id='word_1_218' title='bbox 1236 1779 1445 1823; x_wconf 67' lang='lat' dir='ltr'>Veneris«</span> <span class='ocrx_word' id='word_1_219' title='bbox 1476 1795 1504 1823; x_wconf 95' lang='lat' dir='ltr'>o</span> <span class='ocrx_word' id='word_1_220' title='bbox 1541 1779 1675 1822; x_wconf 89' lang='lat' dir='ltr'>inioni</span> <span class='ocrx_word' id='word_1_221' title='bbox 1705 1779 1894 1824; x_wconf 88' lang='lat' dir='ltr'>alteram</span> 
     </span>
     <span class='ocr_line' id='line_1_27' title="bbox 233 1795 1894 1894; baseline 0 -13"><span class='ocrx_word' id='word_1_222' title='bbox 233 1837 288 1881; x_wconf 89' lang='lat' dir='ltr'>de</span> <span class='ocrx_word' id='word_1_223' title='bbox 320 1837 598 1881; x_wconf 75' lang='lat' dir='ltr'>:muneribus</span> <span class='ocrx_word' id='word_1_224' title='bbox 625 1836 874 1880; x_wconf 76' lang='lat' dir='ltr'>Musarum«</span> <span class='ocrx_word' id='word_1_225' title='bbox 906 1837 1182 1894; x_wconf 90' lang='lat' dir='ltr'>propositam</span> <span class='ocrx_word' id='word_1_226' title='bbox 1216 1836 1475 1890; x_wconf 89' lang='lat' dir='ltr'>asserimus,</span> <span class='ocrx_word' id='word_1_227' title='bbox 1507 1795 1595 1881; x_wconf 73' lang='lat' dir='ltr'>lioc</span> <span class='ocrx_word' id='word_1_228' title='bbox 1627 1836 1740 1881; x_wconf 90' lang='lat' dir='ltr'>effici</span> <span class='ocrx_word' id='word_1_229' title='bbox 1775 1837 1894 1882; x_wconf 89' lang='lat' dir='ltr'>vide-</span> 
     </span>
     <span class='ocr_line' id='line_1_28' title="bbox 230 1893 1895 1952; baseline 0.001 -14"><span class='ocrx_word' id='word_1_230' title='bbox 230 1910 349 1939; x_wconf 90' lang='lat' dir='ltr'>mus:</span> <span class='ocrx_word' id='word_1_231' title='bbox 383 1893 884 1938; x_wconf 35' lang='lat' dir='ltr'>Malliustatullo</span> <span class='ocrx_word' id='word_1_232' title='bbox 915 1894 1251 1952; x_wconf 87' lang='lat' dir='ltr'>scripserat,</span> <span class='ocrx_word' id='word_1_233' title='bbox 1288 1899 1327 1949; x_wconf 88' lang='lat'>1)</span> <span class='ocrx_word' id='word_1_234' title='bbox 1360 1903 1419 1938; x_wconf 93' lang='lat' dir='ltr'>ut</span> <span class='ocrx_word' id='word_1_235' title='bbox 1450 1909 1725 1938; x_wconf 90' lang='lat' dir='ltr'>novorum</span> <span class='ocrx_word' id='word_1_236' title='bbox 1758 1909 1895 1939; x_wconf 91' lang='lat' dir='ltr'>amo-</span> 
     </span>
     <span class='ocr_line' id='line_1_29' title="bbox 230 1952 1895 2010; baseline 0.001 -14"><span class='ocrx_word' id='word_1_237' title='bbox 230 1967 344 1996; x_wconf 88' lang='lat' dir='ltr'>rum</span> <span class='ocrx_word' id='word_1_238' title='bbox 397 1952 899 2010; x_wconf 87' lang='lat' dir='ltr'>suscipiendorum</span> <span class='ocrx_word' id='word_1_239' title='bbox 953 1966 1136 1996; x_wconf 91' lang='lat' dir='ltr'>causa</span> <span class='ocrx_word' id='word_1_240' title='bbox 1187 1953 1253 1996; x_wconf 93' lang='lat' dir='ltr'>ad</span> <span class='ocrx_word' id='word_1_241' title='bbox 1305 1967 1367 1996; x_wconf 91' lang='lat' dir='ltr'>se</span> <span class='ocrx_word' id='word_1_242' title='bbox 1420 1953 1674 2005; x_wconf 91' lang='lat' dir='ltr'>veniret,</span> <span class='ocrx_word' id='word_1_243' title='bbox 1726 1956 1770 2009; x_wconf 89' lang='lat'>2)</span> <span class='ocrx_word' id='word_1_244' title='bbox 1811 1967 1895 1998; x_wconf 84' lang='lat' dir='ltr'>se-</span> 
     </span>
     <span class='ocr_line' id='line_1_30' title="bbox 229 2009 1895 2068; baseline 0.001 -15"><span class='ocrx_word' id='word_1_245' title='bbox 229 2025 464 2068; x_wconf 88' lang='lat' dir='ltr'>cumque</span> <span class='ocrx_word' id='word_1_246' title='bbox 504 2010 765 2053; x_wconf 87' lang='lat' dir='ltr'>afferret</span> <span class='ocrx_word' id='word_1_247' title='bbox 805 2010 874 2063; x_wconf 87' lang='lat' dir='ltr'>(cf.</span> <span class='ocrx_word' id='word_1_248' title='bbox 909 2026 948 2054; x_wconf 88' lang='lat' dir='ltr'>v.</span> <span class='ocrx_word' id='word_1_249' title='bbox 983 2024 1039 2066; x_wconf 90' lang='lat'>40</span> <span class='ocrx_word' id='word_1_250' title='bbox 1079 2009 1443 2065; x_wconf 66' lang='lat' dir='ltr'>»deferrem«!)</span> <span class='ocrx_word' id='word_1_251' title='bbox 1485 2011 1749 2054; x_wconf 90' lang='lat' dir='ltr'>recentia</span> <span class='ocrx_word' id='word_1_252' title='bbox 1780 2026 1895 2055; x_wconf 88' lang='lat' dir='ltr'>car-</span> 
     </span>
     <span class='ocr_line' id='line_1_31' title="bbox 229 2067 999 2132; baseline 0 -21"><span class='ocrx_word' id='word_1_253' title='bbox 229 2068 370 2111; x_wconf 89' lang='lat' dir='ltr'>mina</span> <span class='ocrx_word' id='word_1_254' title='bbox 412 2068 597 2132; x_wconf 87' lang='lat' dir='ltr'>ipsius</span> <span class='ocrx_word' id='word_1_255' title='bbox 628 2067 999 2124; x_wconf 89' lang='lat' dir='ltr'>aliorumque.</span> 
     </span>
    </p>

    <p class='ocr_par' dir='ltr' id='par_1_5' title="bbox 260 2125 1896 2299">
     <span class='ocr_line' id='line_1_32' title="bbox 368 2125 1894 2183; baseline 0.001 -14"><span class='ocrx_word' id='word_1_256' title='bbox 368 2125 453 2169; x_wconf 83' lang='lat' dir='ltr'>Cui</span> <span class='ocrx_word' id='word_1_257' title='bbox 486 2125 647 2182; x_wconf 88' lang='lat' dir='ltr'>aliquis</span> <span class='ocrx_word' id='word_1_258' title='bbox 678 2140 909 2183; x_wconf 91' lang='lat' dir='ltr'>opponere</span> <span class='ocrx_word' id='word_1_259' title='bbox 942 2125 1084 2183; x_wconf 89' lang='lat' dir='ltr'>possit</span> <span class='ocrx_word' id='word_1_260' title='bbox 1113 2126 1326 2179; x_wconf 88' lang='lat' dir='ltr'>Mallium,</span> <span class='ocrx_word' id='word_1_261' title='bbox 1360 2141 1461 2170; x_wconf 85' lang='lat' dir='ltr'>cum</span> <span class='ocrx_word' id='word_1_262' title='bbox 1485 2125 1676 2170; x_wconf 90' lang='lat' dir='ltr'>Veneris</span> <span class='ocrx_word' id='word_1_263' title='bbox 1706 2141 1894 2171; x_wconf 91' lang='lat' dir='ltr'>munera</span> 
     </span>
     <span class='ocr_line' id='line_1_33' title="bbox 261 2183 1895 2241; baseline 0.001 -15"><span class='ocrx_word' id='word_1_264' title='bbox 261 2183 484 2234; x_wconf 85' lang='lat' dir='ltr'>etivisset‚</span> <span class='ocrx_word' id='word_1_265' title='bbox 530 2183 692 2241; x_wconf 91' lang='lat' dir='ltr'>quibus</span> <span class='ocrx_word' id='word_1_266' title='bbox 732 2198 936 2227; x_wconf 88' lang='lat' dir='ltr'>somnum</span> <span class='ocrx_word' id='word_1_267' title='bbox 984 2184 1213 2227; x_wconf 89' lang='lat' dir='ltr'>adducere</span> <span class='ocrx_word' id='word_1_268' title='bbox 1245 2192 1422 2241; x_wconf 90' lang='lat' dir='ltr'>posset,</span> <span class='ocrx_word' id='word_1_269' title='bbox 1464 2198 1552 2227; x_wconf 91' lang='lat' dir='ltr'>non</span> <span class='ocrx_word' id='word_1_270' title='bbox 1585 2184 1669 2228; x_wconf 88' lang='lat' dir='ltr'>iam</span> <span class='ocrx_word' id='word_1_271' title='bbox 1704 2199 1895 2229; x_wconf 90' lang='lat' dir='ltr'>necesse</span> 
     </span>
     <span class='ocr_line' id='line_1_34' title="bbox 260 2241 1896 2299; baseline 0.001 -15"><span class='ocrx_word' id='word_1_272' title='bbox 260 2241 460 2293; x_wconf 88' lang='lat' dir='ltr'>abuisse,</span> <span class='ocrx_word' id='word_1_273' title='bbox 523 2241 752 2285; x_wconf 89' lang='lat' dir='ltr'>insomniis</span> <span class='ocrx_word' id='word_1_274' title='bbox 803 2256 983 2298; x_wconf 89' lang='lat' dir='ltr'>quoque</span> <span class='ocrx_word' id='word_1_275' title='bbox 1034 2242 1311 2285; x_wconf 89' lang='lat' dir='ltr'>consulendo</span> <span class='ocrx_word' id='word_1_276' title='bbox 1363 2250 1573 2299; x_wconf 74' lang='lat' dir='ltr'>poemata</span> <span class='ocrx_word' id='word_1_277' title='bbox 1623 2241 1896 2287; x_wconf 92' lang='lat' dir='ltr'>oblectantia</span> 
     </span>
    </p>

    <p class='ocr_par' dir='ltr' id='par_1_6' title="bbox 227 2298 1895 2587">
     <span class='ocr_line' id='line_1_35' title="bbox 227 2298 1895 2363; baseline 0.001 -21"><span class='ocrx_word' id='word_1_278' title='bbox 227 2313 461 2363; x_wconf 89' lang='lat' dir='ltr'>quaerere.</span> <span class='ocrx_word' id='word_1_279' title='bbox 523 2298 617 2342; x_wconf 87' lang='lat' dir='ltr'>Sed</span> <span class='ocrx_word' id='word_1_280' title='bbox 661 2313 909 2363; x_wconf 85' lang='lat' dir='ltr'>oppressus</span> <span class='ocrx_word' id='word_1_281' title='bbox 942 2298 1063 2342; x_wconf 90' lang='lat' dir='ltr'>Malli</span> <span class='ocrx_word' id='word_1_282' title='bbox 1105 2299 1280 2343; x_wconf 90' lang='lat' dir='ltr'>animus</span> <span class='ocrx_word' id='word_1_283' title='bbox 1323 2298 1636 2357; x_wconf 87' lang='lat' dir='ltr'>respiciendus</span> <span class='ocrx_word' id='word_1_284' title='bbox 1668 2307 1751 2343; x_wconf 89' lang='lat' dir='ltr'>est.</span> <span class='ocrx_word' id='word_1_285' title='bbox 1814 2300 1895 2345; x_wconf 90' lang='lat' dir='ltr'>Po-</span> 
     </span>
     <span class='ocr_line' id='line_1_36' title="bbox 229 2356 1895 2414; baseline 0.002 -15"><span class='ocrx_word' id='word_1_286' title='bbox 229 2364 315 2400; x_wconf 83' lang='lat' dir='ltr'>tius</span> <span class='ocrx_word' id='word_1_287' title='bbox 346 2356 463 2400; x_wconf 93' lang='lat' dir='ltr'>enim</span> <span class='ocrx_word' id='word_1_288' title='bbox 496 2357 586 2400; x_wconf 93' lang='lat' dir='ltr'>duo</span> <span class='ocrx_word' id='word_1_289' title='bbox 609 2357 904 2400; x_wconf 83' lang='lat' dir='ltr'>medicamina</span> <span class='ocrx_word' id='word_1_290' title='bbox 926 2371 985 2414; x_wconf 93' lang='lat' dir='ltr'>po</span> <span class='ocrx_word' id='word_1_291' title='bbox 1019 2357 1146 2411; x_wconf 84' lang='lat' dir='ltr'>oscit,</span> <span class='ocrx_word' id='word_1_292' title='bbox 1179 2366 1228 2401; x_wconf 88' lang='lat' dir='ltr'>ut</span> <span class='ocrx_word' id='word_1_293' title='bbox 1249 2365 1372 2401; x_wconf 89' lang='lat' dir='ltr'>certa</span> <span class='ocrx_word' id='word_1_294' title='bbox 1394 2365 1518 2401; x_wconf 89' lang='lat' dir='ltr'>esset</span> <span class='ocrx_word' id='word_1_295' title='bbox 1539 2357 1727 2401; x_wconf 89' lang='lat' dir='ltr'>sanatio.</span> <span class='ocrx_word' id='word_1_296' title='bbox 1771 2357 1895 2413; x_wconf 85' lang='lat' dir='ltr'>Quid</span> 
     </span>
     <span class='ocr_line' id='line_1_37' title="bbox 229 2372 1895 2471; baseline 0.002 -14"><span class='ocrx_word' id='word_1_297' title='bbox 229 2429 363 2471; x_wconf 91' lang='lat' dir='ltr'>porro</span> <span class='ocrx_word' id='word_1_298' title='bbox 392 2413 678 2458; x_wconf 88' lang='lat' dir='ltr'>verisimilius</span> <span class='ocrx_word' id='word_1_299' title='bbox 709 2423 791 2467; x_wconf 90' lang='lat' dir='ltr'>est,</span> <span class='ocrx_word' id='word_1_300' title='bbox 825 2429 958 2471; x_wconf 90' lang='lat' dir='ltr'>quam</span> <span class='ocrx_word' id='word_1_301' title='bbox 983 2372 1196 2469; x_wconf 52' lang='lat' dir='ltr'>Mallium,</span> <span class='ocrx_word' id='word_1_302' title='bbox 1230 2430 1331 2459; x_wconf 87' lang='lat' dir='ltr'>cum</span> <span class='ocrx_word' id='word_1_303' title='bbox 1365 2414 1548 2459; x_wconf 90' lang='lat' dir='ltr'>Catullo</span> <span class='ocrx_word' id='word_1_304' title='bbox 1580 2414 1813 2469; x_wconf 84' lang='lat' dir='ltr'>scriberet,</span> <span class='ocrx_word' id='word_1_305' title='bbox 1847 2425 1895 2461; x_wconf 91' lang='lat' dir='ltr'>ut</span> 
     </span>
     <span class='ocr_line' id='line_1_38' title="bbox 231 2472 1894 2540; baseline 0.002 -26"><span class='ocrx_word' id='word_1_306' title='bbox 231 2472 285 2514; x_wconf 93' lang='lat' dir='ltr'>ad</span> <span class='ocrx_word' id='word_1_307' title='bbox 313 2487 363 2516; x_wconf 90' lang='lat' dir='ltr'>se</span> <span class='ocrx_word' id='word_1_308' title='bbox 386 2472 572 2524; x_wconf 86' lang='lat' dir='ltr'>veniret,</span> <span class='ocrx_word' id='word_1_309' title='bbox 605 2481 842 2529; x_wconf 89' lang='lat' dir='ltr'>praeterea</span> <span class='ocrx_word' id='word_1_310' title='bbox 864 2472 1083 2528; x_wconf 89' lang='lat' dir='ltr'>oravisse,</span> <span class='ocrx_word' id='word_1_311' title='bbox 1115 2481 1164 2517; x_wconf 93' lang='lat' dir='ltr'>ut</span> <span class='ocrx_word' id='word_1_312' title='bbox 1186 2473 1359 2517; x_wconf 89' lang='lat' dir='ltr'>amicus</span> <span class='ocrx_word' id='word_1_313' title='bbox 1381 2487 1499 2517; x_wconf 89' lang='lat' dir='ltr'>nova</span> <span class='ocrx_word' id='word_1_314' title='bbox 1520 2472 1662 2531; x_wconf 91' lang='lat' dir='ltr'>ipsius</span> <span class='ocrx_word' id='word_1_315' title='bbox 1682 2482 1894 2540; x_wconf 75' lang='lat' dir='ltr'>poemata</span> 
     </span>
     <span class='ocr_line' id='line_1_39' title="bbox 228 2530 707 2587; baseline 0 -14"><span class='ocrx_word' id='word_1_316' title='bbox 228 2543 381 2573; x_wconf 88' lang='lat' dir='ltr'>secum</span> <span class='ocrx_word' id='word_1_317' title='bbox 414 2530 707 2587; x_wconf 77' lang='lat' dir='ltr'>apportaret?</span> 
     </span>
    </p>

    <p class='ocr_par' dir='ltr' id='par_1_7' title="bbox 366 2586 1895 2646">
     <span class='ocr_line' id='line_1_40' title="bbox 366 2586 1895 2646; baseline 0.003 -16"><span class='ocrx_word' id='word_1_318' title='bbox 366 2586 497 2631; x_wconf 88' lang='lat' dir='ltr'>Hunc</span> <span class='ocrx_word' id='word_1_319' title='bbox 541 2601 654 2643; x_wconf 88' lang='lat' dir='ltr'>ergo</span> <span class='ocrx_word' id='word_1_320' title='bbox 698 2587 739 2631; x_wconf 89' lang='lat' dir='ltr'>in</span> <span class='ocrx_word' id='word_1_321' title='bbox 784 2601 967 2632; x_wconf 88' lang='lat' dir='ltr'>sensum</span> <span class='ocrx_word' id='word_1_322' title='bbox 1001 2587 1211 2632; x_wconf 88' lang='lat' dir='ltr'>Catullus</span> <span class='ocrx_word' id='word_1_323' title='bbox 1252 2603 1388 2633; x_wconf 91' lang='lat' dir='ltr'>versu</span> <span class='ocrx_word' id='word_1_324' title='bbox 1430 2588 1606 2632; x_wconf 90' lang='lat' dir='ltr'>decimo</span> <span class='ocrx_word' id='word_1_325' title='bbox 1637 2589 1895 2646; x_wconf 87' lang='lat' dir='ltr'>pronuntiat</span> 
     </span>
    </p>

    <p class='ocr_par' dir='ltr' id='par_1_8' title="bbox 229 2642 1895 2758">
     <span class='ocr_line' id='line_1_41' title="bbox 229 2642 1895 2710; baseline 0.003 -23"><span class='ocrx_word' id='word_1_326' title='bbox 229 2642 428 2708; x_wconf 81' lang='lat' dir='ltr'>Mallium</span> <span class='ocrx_word' id='word_1_327' title='bbox 461 2659 663 2688; x_wconf 55' lang='lat' dir='ltr'>»munera</span> <span class='ocrx_word' id='word_1_328' title='bbox 685 2652 739 2710; x_wconf 38' lang='lat' dir='ltr'>et·</span> <span class='ocrx_word' id='word_1_329' title='bbox 753 2644 983 2689; x_wconf 87' lang='lat' dir='ltr'>Musarum</span> <span class='ocrx_word' id='word_1_330' title='bbox 1007 2654 1051 2690; x_wconf 88' lang='lat' dir='ltr'>et</span> <span class='ocrx_word' id='word_1_331' title='bbox 1074 2645 1295 2699; x_wconf 82' lang='lat' dir='ltr'>Veneris«,</span> <span class='ocrx_word' id='word_1_332' title='bbox 1329 2646 1355 2690; x_wconf 91' lang='lat' dir='ltr'>i.</span> <span class='ocrx_word' id='word_1_333' title='bbox 1378 2661 1415 2690; x_wconf 92' lang='lat' dir='ltr'>e.</span> <span class='ocrx_word' id='word_1_334' title='bbox 1440 2645 1636 2690; x_wconf 88' lang='lat' dir='ltr'>carmina</span> <span class='ocrx_word' id='word_1_335' title='bbox 1658 2654 1703 2691; x_wconf 90' lang='lat' dir='ltr'>et</span> <span class='ocrx_word' id='word_1_336' title='bbox 1724 2646 1895 2703; x_wconf 89' lang='lat' dir='ltr'>gaudia</span> 
     </span>
     <span class='ocr_line' id='line_1_42' title="bbox 230 2715 833 2758; baseline 0.005 -14"><span class='ocrx_word' id='word_1_337' title='bbox 230 2715 409 2756; x_wconf 83' lang='lat' dir='ltr'>amoris,</span> <span class='ocrx_word' id='word_1_338' title='bbox 442 2717 468 2745; x_wconf 94' lang='lat' dir='ltr'>a</span> <span class='ocrx_word' id='word_1_339' title='bbox 500 2717 551 2746; x_wconf 91' lang='lat' dir='ltr'>se</span> <span class='ocrx_word' id='word_1_340' title='bbox 582 2717 833 2758; x_wconf 81' lang='lat' dir='ltr'>rogavisse.</span> 
     </span>
    </p>
   </div>
   <div class='ocr_carea' id='block_1_4' title="bbox 256 2912 429 2916">
    <p class='ocr_par' dir='ltr' id='par_1_9' title="bbox 256 2912 429 2916">
     <span class='ocr_line' id='line_1_43' title="bbox 256 2912 429 2916; baseline 0 0"><span class='ocrx_word' id='word_1_341' title='bbox 256 2912 429 2916; x_wconf 95' lang='lat' dir='ltr'> </span> 
     </span>
    </p>
   </div>
   <div class='ocr_carea' id='block_1_5' title="bbox 371 2943 619 2991">
    <p class='ocr_par' dir='ltr' id='par_1_10' title="bbox 371 2943 619 2991">
     <span class='ocr_line' id='line_1_44' title="bbox 371 2943 619 2991; baseline 0.012 -3"><span class='ocrx_word' id='word_1_342' title='bbox 371 2943 395 2988; x_wconf 80' lang='lat'>¹)</span> <span class='ocrx_word' id='word_1_343' title='bbox 421 2945 465 2981; x_wconf 85' lang='lat' dir='ltr'>cf·</span> <span class='ocrx_word' id='word_1_344' title='bbox 493 2956 528 2991; x_wconf 77' lang='lat' dir='ltr'>i&gt;-</span> <span class='ocrx_word' id='word_1_345' title='bbox 555 2945 619 2991; x_wconf 77' lang='lat'>43!</span> 
     </span>
    </p>
   </div>
  </div>
 </body>
</html>
