1942 3380
37 352 90 397 '3th
118 344 163 389 in
193 359 236 388 v.
268 343 330 388 66
360 356 547 400 quoque
578 341 713 385 »Alli«
761 355 927 385 nomen
976 338 1310 384 restituendum
1356 353 1462 383 esse
1510 352 1742 383 censeam.

38 399 197 458 Habet
243 401 364 447 enim
409 400 611 460 optimus
653 400 768 445 liber
801 399 845 444 O
888 407 935 444 et
975 399 1018 443 in
1060 414 1101 442 v.
1135 411 1194 456 50
1241 407 1286 442 et
1330 398 1374 442 in
1405 399 1466 442 66
1497 398 1559 453 (in
1591 396 1747 442 verbis

32 468 166 529 Tipsis)
199 467 432 525 integrum
455 480 623 510 nornen
646 465 792 518 »Alli«,
827 464 950 522 quod
974 471 1020 508 et
1041 463 1083 507 in
1108 478 1150 507 v,
1174 478 1228 521 41
1255 460 1746 522 (»QVAFALL1VS«)

33 535 88 582 ..iet
125 526 170 572 in
217 541 260 571 v,
308 540 391 585 150
438 525 529 570 levi
578 525 829 569 mutatione
876 523 1001 568 refici
1049 531 1216 581 potest.
1288 522 1465 568 Codice
1508 521 1553 567 G
1593 530 1746 566 autem

0 577 289 648 ispraebetur
319 585 363 630 in
396 601 438 629 v.
471 598 531 642 50
562 583 659 628 »ali«
693 587 764 640 (——
800 584 924 641 quod
958 598 983 627 e
1015 597 1132 627 voce
1172 582 1286 626 »alli«
1328 581 1427 626 libri
1460 580 1746 637 Veronensis

30 654 189 703 prtum
212 659 318 690 esse
340 643 537 688 lectione
561 643 732 688 codicis
755 643 803 687 M
826 642 938 687 »alii«
959 642 1158 687 fortasse
1185 641 1367 699 discere
1389 655 1639 699 possumus
1658 643 1745 694 -);

12 703 227 764 jreliquis
274 703 386 748 locis
433 702 506 747 hic
553 702 669 747 liber
717 717 819 746 cum
866 702 965 747 cod.
1009 700 1054 746 O
1100 700 1326 746 convenit.
1392 698 1489 745 Sed
1523 699 1566 744 in
1600 699 1655 743 V.
1688 699 1748 742 66

11 765 200 816 *lomnes
221 763 404 808 codices
425 770 611 821 praeter
634 760 678 806 O
702 762 827 806 clare
859 760 1080 806 exhibent
1111 760 1359 813 »manlius«,
1392 759 1435 803 in
1469 774 1560 804 uno
1591 766 1745 802 autern

22 822 115 871 {illo
148 821 406 867 Oxoniensi
439 821 626 878 legitur:

454 913 469 930 »
504 929 512 938 .
548 929 556 936 .
591 892 726 937 allius
760 892 980 936 auxilium
1034 891 1046 934 l
1100 890 1330 935 manllius«

38 969 142 1016 Hoc
175 985 232 1014 m.
266 985 334 1028 pr.
367 969 411 1013 in
445 968 656 1026 margine
689 977 955 1013 annotatum
991 969 1124 1013 simul
1157 983 1260 1012 cum
1290 982 1430 1012 versu
1453 967 1556 1026 ipso
1579 982 1604 1011 e
1627 966 1746 1011 libro

39 1028 300 1074 Veronensi
324 1029 560 1073 effluxisse
592 1028 680 1072 iam
706 1028 1112 1072 Baehrensius
1145 1028 1188 1071 in
1222 1027 1292 1071 ed.
1311 1030 1326 1057 1
1358 1027 1489 1085 proll.
1514 1025 1746 1070 XXXVII

38 1103 106 1147 sq.
130 1088 320 1134 censuit.
365 1087 428 1132 Ut
449 1096 603 1132 autern
637 1088 681 1131 id
714 1102 878 1132 verum
912 1102 1017 1132 esse
1050 1101 1326 1146 persuasum
1359 1087 1570 1142 habeam,
1604 1085 1744 1130 variis

38 1147 190 1192 causis
223 1163 533 1192 commoveor.
597 1147 714 1191 Mira
748 1147 869 1191 enirn
901 1147 1131 1205 scriptura
1162 1145 1412 1190 »manllius«
1442 1144 1746 1204 explicandae

38 1207 322 1265 quaestionis
353 1206 470 1250 ratio
503 1206 786 1265 proponitur.
831 1206 879 1250 In
913 1206 1029 1250 libro
1055 1205 1310 1250 Veronensi
1344 1219 1460 1262 ergo
1493 1205 1581 1248 hoc
1605 1203 1745 1262 scrip-

37 1273 133 1310 tum
165 1266 307 1310 fuisse
340 1266 548 1310 videtur:

766 1352 870 1380 man

747 1416 764 1433 »
827 1396 961 1439 allius
1018 1416 1034 1432 «

37 1526 107 1582 (cf.
143 1525 193 1569 Β.
227 1524 523 1570 Schmidt.
559 1525 601 1569 in
636 1526 706 1569 ed.
743 1541 843 1570 ann.
879 1526 975 1570 crit.
1011 1526 1068 1570 ad
1103 1541 1144 1569 v.
1182 1540 1285 1584 15o;
1339 1524 1385 1569 L.
1422 1524 1746 1568 Fennerum

38 1585 65 1629 l.
113 1600 149 1629 c.
194 1600 235 1643 p.
280 1586 366 1642 31).
431 1585 566 1629 Unde
613 1585 762 1628 codex
811 1585 856 1630 G
909 1585 1078 1642 aliique
1131 1586 1279 1643 solam
1332 1583 1743 1642 interpolationem,

38 1643 210 1702 quippe
255 1659 375 1701 quae
422 1644 623 1687 maxime
670 1644 923 1702 probabilis
968 1644 1223 1698 videretur,
1275 1651 1598 1697 exaraverunt,
1642 1657 1744 1686 cum

37 1704 237 1761 scriptor
269 1702 560 1762 ineruditusl)
594 1702 810 1760 idemque
843 1703 1225 1760 diligentissimus
1258 1703 1359 1747 libri
1393 1702 1437 1747 O
1463 1709 1677 1746 accurate
1699 1709 1745 1745 et

37 1761 275 1821 pristinam
318 1761 561 1806 lectionem
601 1762 829 1820 reciperet
862 1771 908 1806 et
940 1772 1255 1807 correcturam
1287 1770 1519 1820 repertam
1553 1761 1595 1804 in
1630 1776 1743 1804 mar-

38 1820 194 1878 ginem
240 1821 527 1865 adscriberet
570 1821 769 1865 errando
810 1822 1040 1879 syllabam
1073 1837 1217 1866 »man«
1251 1837 1353 1866 cum
1386 1820 1529 1865 »llius«
1562 1820 1744 1865 coniun-

35 1895 167 1938 gens.
231 1879 397 1938 Neque
446 1880 595 1924 minus
639 1880 834 1936 insignis
876 1883 1140 1939 corruptela
1183 1896 1349 1925 versus
1388 1895 1447 1939 54
1488 1880 1598 1924 mihi
1638 1894 1744 1924 esse

37 1938 231 1994 videtur,
265 1940 342 1983 ubi
365 1955 450 1997 pro
474 1955 589 1984 voce
611 1940 790 1984 »Malia«
823 1941 866 1984 in
900 1940 1136 1985 codicibus
1168 1940 1334 1999 partim
1367 1939 1575 1983 »maulia«
1598 1937 1743 1994 (OG),

37 1998 202 2057 partim
234 1998 441 2043 »manlia«
473 1998 644 2056 legitur
675 1999 823 2056 (MD).
877 1999 926 2043 In
958 2000 1059 2058 ipso
1094 1999 1352 2044 Veronensi
1385 2006 1539 2043 autem
1573 1998 1744 2043 ibidem

36 2057 245 2102 »manlia«
292 2057 510 2115 scriptum
562 2072 667 2102 esse
708 2059 980 2113 concludas,
1039 2074 1143 2103 cum
1191 2059 1351 2103 literae
1402 2075 1468 2103 »n«
1515 2066 1560 2102 et
1601 2073 1667 2101 »u«
1700 2057 1743 2101 in

37 2116 321 2175 apographis
383 2116 503 2161 illius
564 2117 665 2161 libri
719 2118 1017 2176 manuscripti
1069 2118 1342 2177 saepissime
1395 2117 1743 2162 confundantur.

39 2175 219 2231 Quodsi
263 2175 529 2229 considero,
578 2191 698 2233 quae
745 2176 788 2220 in
830 2193 904 2222 vv,
938 2178 997 2221 66
1038 2186 1084 2222 et
1099 2178 1172 2236 '45
1205 2177 1484 2230 invenimus,
1532 2177 1652 2220 hunc
1685 2176 1743 2220 ad

37 2234 173 2300 finem
215 2234 462 2292 pervenio:
505 2235 669 2293 aliquis
712 2236 782 2280 vir
822 2237 987 2281 doctus
1031 2237 1076 2281 in
1118 2237 1234 2282 libro
1277 2235 1535 2281 Veronensi
1581 2250 1742 2279 verum

37 2293 170 2338 amlci
201 2309 387 2347 nomen,
437 2294 509 2339 cui
543 2310 578 2338 c.
613 2294 857 2352 LXVIII2)
891 2296 1158 2340 dedicatum‘
1186 2311 1292 2340 esse
1325 2296 1581 2349 videbatur,
1615 2294 1742 2339 resti-

29 2360 167 2413 tuere
221 2361 413 2398 conatus
461 2362 545 2398 est.
610 2353 771 2410 Quare
818 2356 860 2399 in
911 2355 1103 2400 vocibus
1144 2355 1395 2409 nonnulliS,
1445 2369 1562 2413 quas
1595 2353 1742 2412 primo

37 2420 200 2470 optutu
241 2411 436 2456 nominis
481 2413 800 2471 corruptiones
842 2414 1064 2459 exhibere
1107 2414 1405 2468 existimavit,
1454 2413 1741 2458 notissimum

37 2471 211 2516 »manli«
242 2486 408 2515 nomen
431 2473 487 2530 ¹(e
520 2472 721 2516 carmine
754 2472 862 2517 LXI
894 2474 1165 2517 translatum
1182 2475 1222 2530 ?)
1256 2473 1534 2530 corrigendo
1558 2472 1742 2517 efficere

35 2530 274 2583 studebat,
319 2545 423 2574 cum
466 2540 544 2575 aut
585 2532 951 2576 emendationem
995 2533 1364 2591 superscriberet
1406 2535 1473 2589 (ut
1515 2533 1556 2576 in
1593 2548 1634 2575 v.
1667 2532 1741 2587 66)

37 2598 115 2633 aut
157 2590 335 2634 literam
378 2605 444 2633 »n«
486 2589 775 2635 admisceret.
839 2591 942 2636 Hoc
976 2601 1129 2636 autem
1163 2593 1302 2636 modo
1334 2592 1378 2635 in
1412 2608 1454 2636 v.
1487 2606 1545 2650 54
1578 2606 1740 2646 vocem

36 2649 210 2693 »malia«
247 2648 562 2714 interpolavit,
609 2664 746 2707 quarn
781 2666 947 2695 nornen
981 2651 1216 2696 continere
1249 2666 1494 2710 perperam
1528 2650 1742 2709 opinatus

37 2716 120 2752 est.
183 2707 342 2765 Atque
389 2708 524 2752 simili
570 2709 856 2766 negligentia
903 2719 1054 2755 ortum
1103 2725 1208 2755 esse
1256 2710 1459 2764 videtur,
1509 2710 1631 2768 quod
1667 2709 1741 2753 ille

37 2775 270 2811 corrector
302 2766 417 2811 alios
449 2781 628 2821 versus,
664 2768 706 2812 in
730 2769 896 2825 quibus
920 2785 1087 2814 nomen
1110 2778 1275 2823 exstat,
1310 2785 1472 2814 socors
1494 2768 1740 2829 praeteriit.

183 2895 209 2940 ¹)
235 2897 280 2933 cf.
309 2897 486 2934 Baehr.
515 2898 574 2934 ed.
594 2896 606 2914 ²
631 2911 667 2945 p.
695 2900 904 2937 XXXVII!

183 2953 209 2999 ⁹)
235 2957 337 3003 quod
364 2957 441 2992 iam
464 2957 506 2992 in
533 2957 755 2995 Veronensi
783 2971 917 2995 unum
946 2961 1088 2996 lectum
1116 2972 1206 2996 esse
1232 2960 1419 3006 sequitur.
