1942 3380
761 283 937 327 -53
998 247 1059 301 —·

244 420 338 475 VI.
377 421 461 474 Do
499 423 783 476 carminis
821 423 1071 478 LXVIII
1112 426 1552 492 compositione.

86 571 93 579 ·
199 513 366 579 Utrum
400 528 585 558 carmen
619 515 1170 575 duodeseptuagesimum
1204 532 1370 562 unum
1405 518 1754 563 existimandum

57 579 117 617 sit
148 587 305 638 nec-ne,
339 573 503 639 inde-a
538 574 709 620 Rodii
743 574 1107 634 Ramlerique
1145 577 1430 635 temporibus
1462 576 1608 635 prima
1641 577 1757 621 inter

57 639 360 698 quaestiones
398 639 602 687 crlticaS,
643 633 810 691 quibus
850 643 1124 692 argumenta
1164 636 1390 694 poematis
1430 636 1755 689 tractabantur,

58 698 170 735 erat.
205 690 389 735 Mireris
422 699 589 745 autem,
633 693 756 750 quod
788 692 833 738 in
866 694 951 738 hac
982 709 1034 738 re
1066 693 1356 739 diiudicanda
1388 710 1478 740 non
1512 694 1662 739 statim
1697 694 1756 760 ip-

56 764 215 815 sorum
239 763 459 795 versuum
487 765 629 808 1-—40
652 752 808 797 verbis
829 752 1075 810 diligenter
1096 753 1463 812 interpretandis,
1487 762 1537 798 ut
1557 769 1641 812 par
1661 753 1755 806 fuit,

58 823 258 875 ammum
294 809 610 863 adverterunt,
644 811 727 855 sed
761 812 1019 856 maluerunt
1044 827 1285 857 numerum
1308 813 1536 872 quendam
1559 812 1753 870 singula—

56 883 196 934 rium·
221 883 489 922 causarum,
543 870 710 927 quibus
758 870 923 928 cuique
975 879 1053 916 aut
1103 871 1344 917 disiunctio
1392 880 1469 916 aut
1500 871 1756 916 coniunctio

57 942 308 994 carminum
332 927 586 986 probabilis
607 943 712 974 esse
734 929 982 984 videretur,
1015 930 1236 988 colligere
1246 934 1291 985 1).
1354 931 1420 975 Ita
1442 939 1595 975 autem
1619 929 1755 974 alium

57 987 149 1053 alia·
177 995 453 1046 argumenta
485 1002 511 1032 e
537 988 716 1046 privata
747 989 1048 1047 persuasione
1070 989 1413 1048 praedicavisse
1435 1005 1518 1048 per
1549 1004 1601 1033 se
1633 988 1757 1033 intel-

57 1046 242 1112 legitur.
259 1105 266 1112 ⁶
326 1045 472 1091 Cuius
523 1046 714 1092 rationis
766 1048 981 1092 eximium
1035 1048 1296 1107 exemplum
1344 1057 1415 1093 est
1460 1048 1585 1107 prior
1631 1048 1756 1105 Aug.

57 1105 269 1149 Weisii
302 1106 627 1151 commentatio
660 1108 823 1165 (1863).

200 1187 244 1233 O
282 1187 390 1233 time
435 1188 574 1247 igitur
618 1189 766 1234 meriti
807 1199 912 1235 sunt
955 1190 1014 1234 A.
1061 1190 1474 1247 Kiesslingius
1518 1190 1667 1247 (1877)
1712 1197 1757 1232 et

57 1247 207 1314 Frid.
241 1204 583 1314 §choellius
617 1249 782 1306 (1880),
816 1249 892 1307 qui
925 1250 1296 1294 demonstrarent
1329 1249 1429 1293 illas
1461 1249 1758 1307 quaestiones

58 1307 338 1366 explicatum
372 1322 462 1351 non
495 1307 548 1351 iri
581 1307 665 1351 nisi
698 1308 912 1353 versibus
948 1323 1090 1365 1——40
1121 1307 1417 1366 argutissime
1445 1306 1757 1351 subtilissime-

58 1381 150 1425 que
181 1366 445 1425 exploratis,
479 1381 582 1410 cum
615 1367 819 1425 inprimis
840 1367 1159 1411 nonnullarum
1191 1382 1356 1412 vocum
1389 1366 1450 1422 (in
1474 1382 1514 1410 v.
1544 1381 1596 1410 10
1617 1374 1662 1410 et
1683 1374 1757 1424 39.)

57 1440 226 1470 sensus
257 1433 383 1470 certe
411 1425 640 1470 finiendus
663 1434 802 1471 esset.
864 1425 968 1470 Hoc
990 1434 1143 1471 autem
1166 1434 1412 1484 perspecto
1434 1425 1534 1484 ipso
1556 1424 1755 1469 nondum

58 1485 116 1529 ad
158 1484 330 1529 exitum
374 1484 686 1529 desideratum
728 1493 1000 1543 perventum
1043 1494 1125 1530 est.
1190 1485 1307 1529 Nam
1350 1485 1473 1542 quod
1514 1498 1661 1541 usque
1699 1483 1757 1527 ad

57 1544 178 1589 hunc
211 1543 331 1588 diem
365 1559 501 1588 nemo
534 1552 618 1597 est,
651 1544 728 1602 qui
760 1558 812 1588 se
844 1559 1004 1588 verum
1037 1544 1095 1589 de
1128 1544 1202 1588 illa
1234 1559 1284 1588 re
1316 1543 1565 1600 indagasse
1597 1542 1757 1600 merito

56 1602 295 1661 glorietur,
330 1618 387 1647 eo
418 1602 481 1656 fit,
516 1603 639 1660 quod
671 1603 783 1647 illud
816 1618 853 1647 c.
877 1602 1091 1647 LXVIIIa
1122 1603 1348 1668 poeticum
1383 1612 1453 1646 est
1484 1615 1756 1660 responsum

58 1662 317 1767 ssdPrivati
341 1661 538 1707 hominis
560 1661 749 1715 litteras,
784 1677 900 1719 quas
922 1662 1054 1706 nobis
1076 1662 1259 1706 mmime
1281 1670 1413 1706 notas
1437 1675 1541 1706 esse
1563 1660 1757 1704 moleste

77 1737 260 1766 erimus.

203 1804 426 1849 Nostrum
461 1818 581 1848 nunc
614 1803 799 1862 quidem
834 1812 917 1857 est,
951 1819 1071 1862 quae
1103 1803 1146 1847 in
1176 1802 1403 1861 prioribus
1426 1801 1759 1846 dissertationis

60 1863 269 1923 partibus
302 1863 360 1908 de
393 1862 608 1908 carminis
639 1861 854 1906 LXVIII²³
886 1862 1170 1920 argumentis
1210 1861 1478 1912 invenimus,
1525 1875 1627 1904 cum
1661 1874 1757 1903 ver·

60 1924 188 1969 sibus
217 1923 438 1981 41-160,
474 1922 532 1966 de
564 1937 757 1979 quorum
798 1930 1015 1967 contextu
1057 1930 1219 1980 postea
1259 1921 1542 1964 disseremus
1557 1923 1614 1973 ²),
1657 1933 1758 1963 con-

60 1983 182 2028 ferre
205 1990 252 2027 et
274 1981 567 2026 contendere.
632 1980 953 2039 Respiciamus
976 1995 1105 2038 ergo,
1139 1980 1196 2024 ad
1219 1994 1355 2038 quern
1378 1978 1758 2023 deliberationum

61 2042 199 2087 finem
242 2039 483 2099 progressi
522 2040 667 2085 simus
712 2039 783 2097 (cs.
817 2055 860 2098 p.
894 2040 991 2098 523:
1043 2055 1118 2084 vv.
1157 2054 1298 2095 1-40
1338 2052 1610 2096 responsum
1654 2051 1759 2081 esse

62 2101 341 2146 videbantur
374 2099 532 2144 Mallio
566 2099 746 2143 cuidam
781 2099 960 2152 datum,
1003 2098 1131 2143 cuius
1172 2112 1360 2156 precum
1403 2097 1546 2141 altera
1577 2095 1759 2140 omnino

62 2161 335 2217 denegatur,
370 2158 515 2203 altera
547 2158 709 2217 partim
744 2158 971 2216 impletur.
1036 2156 1249 2202 Catullus
1281 2157 1400 2200 enim
1433 2155 1597 2207 amico,
1640 2168 1759 2211 quae

61 2220 162 2278 ipse
194 2218 354 2263 habuit
385 2218 605 2276 »scripta«,
641 2217 843 2262 tribuere
874 2217 1031 2261 voluit.
1094 2215 1314 2273 Sequitur
1342 2229 1523 2260 carmen
1548 2212 1760 2257 LXV111·

63 2278 307 2338 epistolam
340 2277 412 2321 his
443 2278 585 2321 rebus
618 2276 772 2321 missis
804 2275 1029 2320 adiectam
1062 2275 1217 2319 fuisse.
1232 2278 1266 2326 3)

206 2361 365 2418 Atque
386 2359 691 2413 »unitarii«,
726 2357 1191 2416 quotKiesslingi
1216 2354 1757 2401 Hoerschelmanni-

62 2435 153 2478 que
207 2419 279 2476 (cf.
322 2433 366 2478 p.
408 2434 466 2476 49
504 2419 546 2462 h.
588 2419 648 2474 d.)
709 2417 964 2463 sententiae
1006 2417 1064 2461 de
1114 2416 1293 2461 verbis:
1349 2430 1455 2459 *non
1505 2414 1760 2471 utriusque«

208 2561 233 2604 ¹)
260 2562 304 2598 cf.
332 2573 396 2608 pg.
423 2564 480 2607 56.

209 2619 235 2665 ⁸)
261 2621 307 2657 cf.
334 2633 371 2668 p.
395 2623 443 2657 62
468 2633 525 2667 sq.

208 2678 234 2724 ⁸)
262 2680 528 2727 Gruppius
555 2692 712 2716 carmen
739 2680 802 2715 68³·
831 2679 878 2714 ad
906 2678 1130 2724 exemplum
1158 2676 1341 2713 carminis
1365 2677 1412 2722 65
1437 2687 1460 2711 a
1486 2675 1642 2711 rhetore
1669 2685 1759 2722 quo·

62 2729 154 2764 dam
181 2727 315 2764 fictum
342 2739 432 2764 esse
458 2727 632 2763 animum
656 2726 817 2762 induxit.
868 2725 988 2761 Cuius
1015 2724 1269 2771 praecipuum
1296 2724 1573 2759 documentum
1600 2726 1649 2767 (p.
1681 2723 1759 2765 ’04)

63 2775 99 2812 ei
139 2786 229 2811 esse
265 2775 475 2812 videbatur
512 2775 604 2810 »das
630 2774 836 2810 mnhsame
862 2772 1110 2818 Vorbringen
1146 2772 1216 2808 der
1241 2770 1456 2815 Situation,
1491 2781 1535 2805 so
1561 2770 1652 2804 dass
1706 2768 1762 2803 ier

62 2823 214 2859 erzahlt
240 2823 352 2868 wird,
378 2833 464 2858 was
490 2822 528 2858 in
555 2822 682 2858 einem
702 2820 925 2857 wirklichen
946 2819 1057 2855 Brief
1078 2819 1269 2855 vielmehr
1287 2829 1432 2854 voraus
1462 2822 1587 2852 esetzt
1605 2815 1761 2858 worden

63 2871 136 2906 das
154 2869 275 2906 Stnck
301 2870 352 2907 ist
378 2869 637 2915 geschrieben
665 2868 725 2904 fiir
751 2869 826 2904 den
845 2867 980 2912 Leser,
1007 2866 1111 2902 nicht
1138 2865 1197 2902 for
1222 2866 1299 2901 den
1325 2865 1425 2910 Emp
1443 2870 1597 2910 anger«.
1650 2862 1760 2915 Equi·

63 2919 155 2954 dem
187 2928 331 2954 censeo
364 2917 484 2953 nimio
511 2916 784 2963 quaestionum
811 2916 859 2951 de
886 2914 1059 2950 carmine
1083 2914 1148 2949 68ει
1168 2912 1459 2959 propositarum
1480 2922 1641 2946 numero
1666 2916 1760 2945 satis

64 2964 326 3001 demonstrari
365 2964 637 3001 condicionum
675 2973 962 3008 causarumque
1000 2960 1197 3007 poematis
1235 2959 1436 3003 indicium,
1479 2958 1594 3003 quale
1632 2956 1760 2992 insciis

62 3006 276 3048 lectoribus
303 3012 389 3048 usui
417 3018 534 3054 esset,
562 3011 723 3046 minime
750 3010 901 3046 adesse.
