1942 3380
934 284 981 290 ,-
1043 272 1101 316 50
1162 284 1212 288 --

277 390 331 439 ui,
364 404 463 433 cum
499 402 632 431 versu
665 386 840 430 decimo
873 399 1007 429 unum
1047 399 1228 429 carmen
1270 394 1316 429 et
1346 385 1526 430 doctum
1559 393 1605 429 et
1636 383 1826 429 amatori
1892 391 1894 394 '

243 407 445 491 denotari
493 444 840 495 declaravisset,
887 457 959 486 vv.
1004 457 1170 501 15—-32
1211 442 1268 487 ad
1308 443 1417 487 illud
1457 442 1783 495 »amatorium«,
1830 456 1892 487 vv

243 506 415 563 33-36
446 512 592 547 autem
628 503 683 546 ad
716 501 822 546 illud
855 501 1073 545 »doctum«
1106 501 1353 554 referebat,
1396 501 1454 545 ad
1494 514 1655 544 versus
1691 514 1745 543 10
1775 512 1826 544 ar
1874 527 1876 529 -

243 573 393 607 menta
426 576 582 606 vocem
620 575 719 604 non
753 558 1002 616 utriusque-2
1036 567 1244 616 spectare
1276 558 1416 603 voluit
1447 559 1505 612 (in
1528 557 1763 614 »F1.J.-B.«
1797 572 1816 602 1

244 636 285 678 p.
329 634 415 677 409
445 622 575 677 sqq).
639 618 729 673 Qui
772 626 921 660 autem
966 618 1155 660 verbum
1197 617 1467 674 »utriusque«
1511 631 1613 661 cum
1657 615 1732 660 illa
1774 615 1881 660 uniu

245 678 452 722 carminis
483 676 704 720 sententia
737 675 1087 730 coniungeretur
1125 689 1213 718 non
1252 675 1424 732 liquere
1457 674 1704 731 Magnus
1735 673 1912 734 monuit„

245 735 285 780 in
317 736 385 779 vZ.
420 735 445 778 f.
480 735 519 777 d.
553 734 721 778 G.-.W
762 733 872 790 1878
902 747 944 790 p.
976 733 1110 789 496l7
1142 747 1243 777 ann.
1276 747 1316 790 3.
1345 759 1399 765 —-

382 816 431 860 11.
465 815 623 859 Altera
655 814 819 858 deinde
850 813 1002 871 opinio
1034 822 1104 857 est
1136 828 1294 858 vocem
1333 829 1439 858 »non
1481 813 1735 871 utriusque«
1766 802 1831 866 ad
1862 819 1915 859 ν.’

251 888 299 917 ιο
350 877 399 917 et
451 874 515 916 ad
563 888 642 916 vv.
689 873 863 930 33—36
913 872 1197 916 referendam
1249 886 1374 925 esse,
1427 886 1528 916 curn
1581 871 1916 929 complectatur

422 946 627 974 »munera
660 938 704 974 et
736 930 969 973 Musarum
1001 938 1046 973 et
1077 929 1289 974 Veneris«
1328 930 1385 985 -1-
1425 929 1594 988 scripta
1625 929 1726 982 alia,

785 1021 826 1049 v.
865 1020 917 1048 10
1437 1020 1510 1049 νν.
1543 1005 1718 1070 33-36

243 1064 340 1107 sive
386 1078 585 1107 munera
617 1071 662 1107 et
694 1063 809 1107 Mus.
853 1071 897 1107 et
930 1063 1061 1107 Ven.<÷
1093 1082 1148 1102 z
1181 1063 1379 1107 carmina
1419 1071 1662 1116 amatoria,
1703 1062 1909 1121 »scripta«

243 1131 392 1166 autem
426 1140 479 1160 z
512 1137 548 1165 c.
581 1122 713 1164 docta
744 1121 1067 1177 intelleguntur
1098 1121 1168 1175 (cf.
1202 1136 1281 1179 pg.
1303 1135 1360 1179 30
1392 1130 1437 1166 et
1456 1122 1542 1179 46),
1575 1121 1673 1165 sive
1693 1120 1769 1165 illa
1790 1135 1909 1166 nova

244 1179 408 1224 Catulli
432 1179 628 1223 carmina
650 1193 753 1223 esse
771 1179 990 1232 dicuntur,
1009 1179 1121 1223 haec
1140 1179 1345 1224 eiusdem
1364 1179 1614 1224 vetustiora
1636 1178 1708 1235 (cf.
1726 1192 1804 1236 pg.
1820 1180 1906 1237 46),
1926 1199 1931 1221 ;

242 1238 340 1338 sive
372 1238 512 1280 altera
537 1236 701 1280 Catulli
734 1237 876 1294 ipsius
908 1237 1119 1290 carmina,
1152 1238 1295 1281 altera
1317 1237 1415 1282 libri
1448 1245 1708 1295 poematum
1731 1251 1788 1281 ex
1811 1237 1929 1282 eius-

242 1294 316 1339 bib
336 1294 524 1339 iotheca.

382 1382 453 1425 III.
487 1381 544 1424 M.
570 1381 923 1425 Schmidtius
955 1381 1143 1437 (»Fleck.
1167 1382 1296 1438 J.-B.«
1323 1383 1433 1426 1880
1466 1397 1507 1440 p.
1532 1382 1682 1439 782l4)
1711 1381 1910 1439 'denique

246 1441 385 1483 verba
416 1454 522 1483 »non
554 1439 806 1496 utriusque«
838 1440 895 1483 ad
927 1454 1090 1483 versus
1111 1455 1225 1498 33-
1257 1441 1287 1483 6
1317 1440 1440 1484 solos
1473 1440 1702 1498 pertinere
1734 1438 1910 1484 censuit
1939 1451 1942 1482 ὲ

243 1505 380 1554 atque
412 1498 553 1541 duos
575 1506 767 1541 certos
791 1497 1026 1541 libellos
1048 1498 1195 1551 (»zwei
1259 1499 1557 1554 roschuren<‹),
1591 1512 1706 1556 quos
1729 1497 1911 1542 Mallius

243 1571 269 1599 a
314 1554 496 1599 Catullo
569 1563 721 1599 raeter
763 1570 944 1599 carmen
989 1556 1241 1612 elegiacum
1287 1561 1343 1606 (v.
1389 1560 1456 1610 10)
1501 1556 1545 1599 in
1588 1555 1910 1614 postscripto1)

243 1613 492 1671 petivisset,
557 1613 754 1669 esignari
786 1613 938 1657 voluit.
1001 1613 1158 1671 Itaque
1190 1614 1247 1658 ad
1280 1629 1439 1658 vocem
1472 1629 1578 1658 »non
1602 1614 1855 1672 utriusque«
1883 1629 1910 1658 e

243 1670 621 1728 praecedentibus
665 1670 874 1715 versibus
916 1671 1050 1715 tacita
1094 1671 1369 1728 cogitatione
1413 1671 1678 1729 genetivum
1718 1670 1910 1730 »scripti«

244 1728 426 1772 addidit.
490 1729 683 1772 Putabat
706 1744 816 1772 vero
838 1738 1019 1786 poetam
1042 1730 1084 1772 in
1107 1745 1179 1774 vv.
1203 1744 1377 1787 33—40
1398 1745 1585 1788 parvam
1609 1729 1910 1774 bibliothecae

244 1786 496 1830 itinerariae
528 1787 700 1844 copiam
735 1801 978 1842 excusare,
1012 1787 1086 1831 ubi
1119 1788 1235 1831 alter
1266 1788 1402 1832 modo
1433 1787 1689 1832 libellorum
1720 1787 1910 1846 reperiri

245 1853 414 1901 posset.
479 1842 572 1888 Sed
605 1852 786 1901 praeter
823 1844 867 1887 id
897 1844 1081 1901 falsum,
1125 1846 1246 1902 quod
1288 1845 1347 1889 M.
1381 1845 1740 1890 Schmidtius
1777 1846 1910 1890 »haec

245 1916 437 1946 munera
494 1907 552 1956 (v.
586 1904 660 1959 32)
704 1902 762 1946 ad
805 1902 954 1946 omnia
998 1917 1185 1947 munera
1227 1911 1330 1947 ante
1360 1903 1578 1962 requisita
1611 1904 1748 1948 refert
1791 1904 1911 1961 (»das

245 1959 516 2015 eigentliche
550 1959 809 2016 Verlangen
852 1959 907 2004 ist
947 1961 1365 2017 abgeschlossen<‹),
1410 1961 1546 2006 etiam
1590 1961 1786 2014 mireriS,
1832 1975 1912 2006 cur

248 2015 457 2061 Catullus
489 2026 578 2061 tam
611 2017 853 2073 diligenter
884 2018 952 2070 (cf.
986 2034 1027 2062 v.
1061 2033 1088 2076 3
1130 2035 1138 2063 :
1182 2019 1336 2063 »nolim
1357 2056 1363 2063 .
1385 2055 1392 2063 .
1414 2056 1422 2064 .
1442 2028 1592 2064 mente
1624 2019 1823 2076 maligna
1856 2045 1910 2050 —-

246 2089 331 2118 non
365 2075 475 2119 satis
507 2075 716 2132 ingenuo‹-
754 2092 793 2120 v.
827 2076 901 2133 38)
941 2091 991 2120 se
1023 2077 1080 2121 de
1100 2077 1274 2121 enderit
1314 2085 1501 2136 propter
1540 2092 1678 2122 unum
1711 2077 1911 2122 libellum

244 2132 527 2177 deficientem
562 2134 681 2177 haud
714 2134 773 2178 ita
803 2134 960 2190 gravis
992 2135 1227 2189 momenti,
1270 2150 1373 2180 curn
1414 2135 1456 2179 in
1498 2150 1635 2180 causa
1667 2135 1912 2193 praecipua

245 2190 514 2247 deneganda
547 2191 727 2249 parcius
759 2192 1127 2236 excusationibus
1158 2201 1374 2238 uteretur.

386 2260 541 2318 Itaque
564 2276 709 2318 aeque
732 2269 869 2318 atque
890 2261 1125 2320 opiniones
1153 2264 1236 2307 sub
1261 2262 1312 2307 II.
1336 2262 1568 2315 indicatae,
1603 2262 1833 2307 Schmid
1848 2263 1911 2308 tii

246 2318 469 2362 sententia
500 2320 758 2377 respuenda
790 2328 872 2364 est.
935 2319 1050 2363 Illud
1094 2335 1228 2364 »non
1262 2320 1616 2378 utriusque«
1661 2329 1810 2365 autem
1853 2321 1912 2366 ad

247 2375 352 2419 nihil
386 2376 506 2420 aliud
538 2386 747 2434 spectare
780 2377 862 2421 nisi
901 2392 926 2421 a
940 2377 968 2421 d
1011 2393 1039 2421 v
1053 2393 1078 2422 e
1092 2394 1114 2421 r
1128 2393 1150 2422 s
1165 2393 1192 2422 u
1208 2393 1250 2421 m
1292 2378 1320 2422 d
1335 2393 1361 2422 e
1375 2393 1399 2422 c
1414 2378 1424 2423 i
1440 2394 1483 2422 m
1499 2394 1525 2422 u
1541 2393 1582 2422 m
1625 2379 1910 2424 manifestum

246 2442 331 2477 est.
394 2433 603 2479 Catullus
634 2435 751 2479 enim
783 2450 871 2479 non
909 2443 1151 2493 utrumque
1163 2439 1214 2491 ²),
1261 2444 1313 2480 et
1354 2436 1547 2481 Veneris
1590 2446 1643 2480 et
1676 2437 1910 2482 Musarum

246 2506 446 2543 munera,
479 2501 714 2549 praestare
746 2495 910 2551 potuit,
953 2494 1034 2538 sed
1079 2494 1344 2538 alterutrum
1378 2502 1563 2547 tantum,
1599 2494 1624 2539 i.
1658 2510 1696 2539 e.
1724 2510 1913 2540 munera

247 2549 493 2602 Musarum,
517 2565 708 2607 quorum
728 2551 1023 2607 exiguitatem
1048 2552 1258 2596 versibus
1274 2553 1448 2610 33--36
1464 2552 1709 2597 defendere
1726 2553 1911 2598 studuit.

1851 571 1877 616 Q

393 2689 414 2731 ¹)
444 2690 550 2725 Haec
577 2691 656 2726 sere
681 2691 771 2726 dicit
797 2693 846 2736 (p.
874 2692 975 2736 788):
1005 2692 1152 2728 »Allius
1178 2692 1255 2728 will
1280 2692 1361 2728 sich
1380 2692 1442 2728 die
1461 2693 1710 2739 Langeweile
1735 2693 1911 2730 schliess-

246 2736 320 2771 lich
356 2736 453 2771 doch
489 2737 607 2772 durch
636 2737 803 2773 Lekture
830 2738 1060 2784 vertreiben,
1103 2764 1138 2774 ..
1164 2738 1440 2775 will-offenbar
1475 2746 1596 2776 etwas
1622 2739 1807 2776 Pikantes
1841 2750 1913 2775 aus

246 2782 317 2818 der
341 2794 509 2818 neueren
537 2782 1069 2829 Unterhaltungslitteratur.1

391 2839 415 2883 'J
445 2840 683 2886 »utriusque«
721 2842 926 2887 genetivus
959 2843 1114 2896 generis
1148 2842 1321 2880 neutrius
1353 2849 1423 2879 est.
1480 2843 1613 2888 Quare
1647 2844 1791 2880 nullum
1825 2844 1912 2880 sub-

247 2886 459 2922 stantivum
485 2887 667 2933 supplere
693 2898 792 2933 opus
816 2895 887 2932 est,
913 2889 1070 2925 minime
1090 2889 1318 2934 »muneris«,
1342 2901 1428 2926 cum
1454 2896 1570 2926 antea
1589 2889 1721 2936 utique
1746 2890 1905 2937 pluralis

248 2944 432 2969 numerus
460 2944 662 2969 »munera«
690 2934 885 2970 adhibitus
911 2935 971 2971 sit.
1779 2963 1803 2965 ..
