1942 3380
940 279 1224 320 „42-

251 396 517 439 mitteret.
581 393 709 437 Hanc
742 402 890 436 autem
914 391 1183 436 sententiam
1205 391 1666 436 monstruosissimam
1697 404 1800 434 esse
1823 389 1911 434 iam

251 452 436 496 indicavi
477 464 536 509 (p.
569 456 655 508 32).
718 449 804 494 Cui
845 450 978 494 etiam
1022 449 1346 505 grammaticae
1398 457 1443 494 et
1486 449 1663 507 logicae
1710 447 1911 492 rationes

253 512 444 555 obstant.
505 508 773 565 Sonnyus
812 508 929 551 enim
971 507 1028 560 (in
1075 506 1252 551 >Woch.
1283 506 1311 551 s.
1343 507 1402 552 kl.
1435 507 1537 551 Pir«
1577 506 1674 551 Vm
1717 520 1759 563 p.
1790 519 1818 563 5
1848 505 1914 563 s4)

251 567 575 611 demonstravit
607 566 961 611 coniunctionem
994 564 1209 609 orationis
1229 565 1441 623 obliquae
1462 574 1508 609 et
1528 573 1700 629 rectae,
1727 578 1817 621 qua
1837 577 1908 607 em

254 625 468 669 Birtius
500 624 822 682 proposuisset,
857 638 955 666 curn
989 622 1239 667 orationem
1271 631 1443 667 rectam
1475 623 1518 667 in
1551 630 1780 667 enuntiato
1813 627 1942 668 cau-'i

252 683 347 734 sali,
381 683 501 739 quod
534 683 590 726 ab
622 696 770 725 accus.
803 696 902 725 cum
936 680 1007 724 inf.
1041 681 1274 738 penderet,
1306 689 1508 725 statuere
1531 680 1680 732 vellet,
1714 673 1942 743 seri-nonii

252 741 410 784 Latino
456 740 633 783 minime
675 739 968 796 respondere.
1044 738 1202 792 Adde,
1256 739 1378 796 quod
1422 739 1493 793 (cf.
1537 737 1912 782 Skutschium

252 814 293 856 p.
331 799 427 854 146)
461 797 611 841 verbis
644 796 872 840 »Veronae
904 805 1034 854 turpe
1066 804 1154 840 est«
1190 811 1278 840 non
1318 796 1436 840 idem
1477 794 1722 853 significari
1763 802 1916 853 potest

252 866 387 912 atque
426 854 655 898 »Veronae
698 854 866 898 crimini
908 855 1070 898 datur«.
1142 854 1259 898 Nam
1302 869 1396 898 »res
1436 869 1519 919 per
1557 868 1610 898 se
1650 852 1793 911 ipsam
1836 860 1915 896 aut

252 914 394 971 turpis
425 922 501 956 aut
533 913 723 956 honesta
744 912 925 964 dicitur;
959 913 1044 956 hoc
1067 920 1218 956 autem
1240 920 1575 970 pronuntiatum
1608 925 1747 956 casu
1770 910 1914 954 loca·

251 972 368 1014 tivo
400 971 540 1014 artius
572 970 630 1014 ita
662 970 967 1014 circumscribi
1008 984 1096 1013 non
1166 978 1307 1022 otest,
1354 978 1404 1014 ut
1444 969 1611 1027 aliquid
1653 969 1724 1013 hic
1765 976 1914 1026 turpe,

251 1029 338 1073 illic
370 1029 582 1072 decorum
616 1042 719 1071 esse
761 1029 998 1071 videatur«.
1042 1054 1096 1059 —-
1175 1028 1231 1072 ed
1270 1027 1463 1086 plurima
1503 1028 1728 1072 adversus
1771 1025 1914 1070 Birti

250 1086 503 1144 opinionem
527 1086 583 1129 de
605 1085 918 1130 domiciliis
941 1085 1063 1130 Malli
1096 1094 1141 1130 et
1163 1085 1328 1130 Catulli
1352 1085 1503 1130 afferri
1526 1093 1730 1143 possunt.
1794 1083 1911 1128 Nam

250 1145 286 1188 si
311 1144 517 1188 Veronae
549 1143 779 1187 habitabat
801 1143 992 1197 Mallius,
1017 1143 1091 1200 qui
1114 1143 1155 1187 ei
1177 1143 1188 1186 i
1244 1151 1434 1188 notum
1456 1158 1560 1187 esse
1581 1143 1726 1207 potuit
1746 1150 1912 1201 poetae

250 1202 431 1245 fratrem
464 1201 555 1245 vita
586 1202 854 1254 decessisse,
888 1216 989 1246 cum
1023 1201 1166 1259 patria
1233 1201 1357 1245 atulli
1389 1201 1554 1245 domus
1580 1200 1720 1244 millo
1741 1200 1910 1258 oppido

252 1260 406 1303 esset?
466 1258 710 1313 Quomodo
737 1260 900 1303 deinde
924 1259 1134 1303 Catullus
1156 1259 1279 1302 Malli
1302 1258 1660 1303 Veronensis
1680 1258 1916 1317 »hospitim

252 1318 313 1360 uti
346 1331 535 1360 necesse
566 1317 734 1372 habuit,
768 1327 815 1361 ut
843 1317 1061 1361 Birtius
1093 1321 1152 1375 (p.
1180 1320 1248 1370 12)
1281 1317 1501 1375 putabat?
1560 1316 1809 1361 Praeterea
1839 1316 1915 1360 ille

252 1391 277 1419 e
309 1375 411 1418 villa
443 1374 681 1418 Tiburtina
712 1376 929 1432 plurimas
966 1375 1142 1433 puellas
1174 1374 1403 1419 Veronam
1444 1375 1645 1427 mittere,
1719 1382 1799 1418 uot
1831 1373 1917 1418 Ca-

251 1434 406 1477 tullum
441 1447 498 1476 ex
530 1434 642 1476 urbe
675 1433 822 1477 Roma
854 1433 957 1477 illue
989 1441 1299 1490 transportare
1340 1433 1520 1477 solitum
1559 1447 1664 1477 esse
1745 1432 1916 1476 irtius

251 1491 404 1543 voluit,
450 1490 628 1534 minime
671 1491 827 1548 potuit.
892 1490 988 1535 Cur
1031 1499 1202 1546 autem,
1250 1491 1286 1535 si
1330 1492 1389 1535 ob
1432 1492 1518 1535 hoc
1562 1491 1710 1548 ipsum
1757 1490 1914 1534 Mallio

251 1548 682 1604 Veronensibusque
725 1549 918 1593 officium
963 1557 1199 1606 praestare
1243 1549 1463 1607 nequivit,
1515 1563 1602 1592 non
1653 1547 1915 1606 simpliciter

252 1606 520 1649 domicilium
554 1614 771 1650 mutatum
804 1607 846 1650 in
879 1607 1215 1651 excusationem
1249 1607 1434 1665 protulit
1466 1615 1614 1664 poeta,
1648 1607 1731 1651 sed
1762 1606 1914 1650 fratris

253 1665 474 1728 mortem?
534 1663 661 1708 Haec
693 1673 803 1722 puto
835 1674 1105 1720 argumenta
1127 1665 1183 1708 ad
1205 1665 1469 1709 refutandas
1493 1664 1660 1708 Birtii
1682 1664 1920 1723 opiniones

252 1731 362 1765 satis
393 1736 510 1765 esse.
543 1747 596 1752 -

392 1778 598 1822 Breviter
629 1779 686 1822 de
717 1778 949 1834 J0wetti
982 1779 1351 1837 interpretatione
1379 1781 1612 1824 locuturus
1633 1795 1748 1830 sum,
1781 1795 1916 1838 quam

252 1835 496 1880 Ellisius
526 1836 586 1889 (in
609 1851 768 1879 comm.
802 1837 857 1879 ad
891 1852 931 1880 v.
963 1851 1019 1894 27
1052 1846 1096 1881 et
1128 1837 1169 1881 in
1202 1838 1452 1896 appendice
1484 1853 1525 1896 p.
1559 1839 1661 1895 344)
1694 1838 1913 1896 vulgavit.

252 1893 558 1948 J0wettius
599 1894 715 1937 enim
758 1893 957 1938 Mallium
1008 1895 1162 1939 Baiis
1202 1896 1342 1940 fuisse
1387 1911 1415 1939 o
1451 1896 1578 1940 inans
1625 1896 1689 1940 sic
1735 1897 1793 1940 de
1839 1896 1917 1940 illo

253 1952 353 1994 loco
393 1951 626 1996 disseruit:
674 1951 730 1996 *vlt
775 1951 813 1995 is
853 1953 1126 2009 disgracesul
1173 1962 1219 1997 to
1253 1969 1359 2011 you,
1407 1911 1629 2006 gatullus,
1676 1963 1722 1998 to
1767 1955 1824 1998 be
1872 1962 1918 1998 at

256 2009 457 2060 Verona,
505 2010 701 2053 because
747 2011 1016 2068 everybody
1065 2011 1115 2055 of
1155 2026 1245 2069 any
1290 2012 1465 2056 sashion
1515 2013 1598 2056 has
1647 2013 1764 2056 been
1806 2013 1917 2057 here

255 2071 315 2118 (at
344 2066 498 2124 Bajae)
529 2067 690 2124 giving
722 2083 780 2124 up
814 2068 883 2112 his
917 2069 1002 2112 bed
1035 2069 1123 2112 and
1156 2070 1379 2128 warming
1411 2069 1479 2114 his
1512 2069 1648 2127 chilly
1679 2070 1814 2114 limbs
1845 2070 1917 2126 (in

253 2139 278 2167 a
311 2125 404 2168 hot
436 2125 628 2180 bath)«!
692 2124 863 2169 Contra
895 2141 1028 2183 quam
1059 2127 1315 2184 opinionem
1375 2127 1535 2172 rimum
1566 2129 1810 2172 notandum
1833 2136 1916 2182 est,

254 2183 373 2238 quod
406 2183 648 2227 sententia:
691 2183 948 2239 elegantem
981 2184 1190 2228 iuvenem
1227 2184 1394 2229 Catuli
1434 2185 1574 2229 instar
1611 2186 1777 2230 decere
1809 2195 1917 2230 tem-

286 2240 429 2284 estive
461 2241 503 2284 in
536 2241 668 2284 claris
700 2240 911 2285 Baiarum
943 2242 1072 2299 aquis
1104 2243 1341 2295 delectari,
1384 2244 1545 2287 mirum
1586 2243 1628 2286 in
1671 2245 1854 2288 modum
1886 2259 1913 2288 a

253 2255 407 2342 §lanio
456 2313 678 2342 conversa
728 2308 872 2352 esset,
932 2300 969 2344 si
1019 2299 1211 2344 diceret:
1270 2300 1479 2345 Veronae
1532 2301 1704 2346 versari
1755 2310 1918 2359 poetae

254 2364 384 2412 turpe
416 2370 541 2407 esse,
583 2357 703 2413 quod
743 2357 815 2400 alii
856 2357 1029 2402 nobiles
1070 2358 1291 2415 frigore
1333 2360 1477 2403 coacti
1517 2368 1672 2403 essent
1713 2361 1915 2404 membra

255 2413 601 2470 tepefacere.
667 2414 807 2458 Porro
839 2430 926 2459 non
960 2415 1190 2472 intellego,
1223 2417 1451 2474 quomodo
1486 2416 1619 2471 Baiis,
1653 2417 1694 2461 in
1727 2417 1915 2475 regione

253 2470 438 2522 fervida,
472 2472 731 2516 cuiusvis
763 2474 979 2524 membra,
1016 2475 1284 2531 praesertim
1317 2489 1418 2518 cum
1450 2475 1615 2519 lectum
1648 2475 1913 2530 deseruerit,

254 2537 343 2572 tam
375 2528 536 2584 frigida
569 2544 672 2573 esse
695 2531 932 2587 potuerint,
966 2542 1014 2574 ut
1035 2546 1089 2575 ea
1111 2532 1268 2576 calidis
1289 2532 1420 2597 aquis
1440 2533 1612 2590 »tepida
1633 2534 1699 2589 (!)<‹
1721 2533 1916 2590 reddere

254 2601 370 2687 &us
391 2596 526 2630 esset.
580 2586 795 2631 Ceterum
822 2588 1082 2632 Baiarum
1106 2590 1321 2646 cogitatio
1346 2605 1443 2655 ipsa
1467 2590 1683 2635 memoria
1706 2591 1918 2636 Lesbiae·

301 2643 459 2696 lodiae,
492 2659 626 2702 quam
659 2660 798 2703 saepe
831 2646 888 2690 ibi
922 2656 1147 2692 versatam
1181 2662 1285 2692 esse
1317 2663 1506 2703 scimuS,
1549 2658 1648 2693 orta
1679 2658 1760 2694 est.
1821 2649 1918 2694 Sed

255 2700 448 2746 Lesbiae
481 2702 521 2746 in
554 2717 628 2746 vv.
666 2717 804 2759 1—40
843 2705 1053 2749 carminis
1090 2704 1281 2750 LXVIII
1323 2720 1379 2750 ne
1421 2721 1509 2750 uno
1550 2706 1733 2765 quidem
1775 2709 1919 2752 verbo

254 2759 421 2803 mentio
437 2759 553 2803 sacta
570 2769 651 2804 est.
678 2788 719 2792 -
744 2760 1124 2808 Mirabilissimum
1146 2762 1381 2818 J0wetti
1404 2764 1685 2829 propositum
1705 2766 1916 2823 exemplo

254 2826 336 2868 est,
369 2826 478 2918 (piot
508 2827 554 2861 et
584 2832 718 2874 quarn
752 2818 925 2863 alienae
957 2822 1216 2886 sententiae·
1248 2821 1703 2886 per-imaginationes
1745 2822 1786 2867 in
1825 2838 1918 2867 car·

255 2888 356 2938 men
428 2873 577 2918 XVIII
608 2875 757 2939 ‚inferri
792 2877 986 2933 possint,
1030 2878 1110 2922 nisi
1145 2893 1499 2936 uniuscuiusque
1532 2880 1657 2924 vocis
1690 2880 1915 2926 notionem

253 2940 433 2988 penitus
466 2947 726 2990 perspicias.
772 2959 807 2965 -
