1942 3380
957 270 1233 314 ,32-

261 385 448 443 Optimo
481 383 575 427 iure
608 384 723 427 enim
756 383 1336 430 Hoerschelmannus
1367 387 1427 443 (p.
1455 387 1524 442 14)
1557 387 1728 431 monuit
1759 386 1929 431 diutino

261 442 381 486 Malli
415 441 634 485 insomnio
666 441 808 485 solius
832 440 999 485 Catulli
1031 441 1316 499 poematibus
1347 443 1557 488 satisfieri
1590 459 1677 488 non
1742 446 1927 489 otuisse.

261 500 437 544 Erravit
469 508 633 551 autem,
666 514 767 544 cum
800 499 904 543 inde
936 499 1227 544 concluderet
1258 500 1458 545 Mallium
1491 501 1535 545 in
1564 501 1711 560 episto
1729 502 1773 547 io
1795 502 1927 560 inpri-

259 558 343 602 mis
389 557 577 601 aliorum
631 565 867 615 poetarum
915 557 1215 602 recentiorum
1266 558 1405 603 libros
1453 558 1664 605 voluisse.
1742 559 1927 604 Urbane

259 616 376 660 enim
398 615 540 673 ipsius
562 623 738 672 poetae,
773 630 906 672 quem
930 615 1049 669 adiit,
1074 630 1191 659 nova
1213 630 1354 674 opera
1375 617 1531 662 debuit
1550 631 1730 674 rogare.
1773 618 1929 675 Atque

291 683 439 717 raeter
471 688 525 717 ea
557 673 616 716 illi
649 672 769 717 licuit
801 688 827 716 a
850 672 1032 716 Catullo
1064 681 1275 730 poemata
1296 674 1443 719 aliena
1464 683 1635 733 petere,
1668 676 1770 741 quia
1792 684 1928 734 poeta

303 731 535 775 eronensis
583 731 730 774 multis
776 730 875 774 aliis
928 730 1243 788 &Euphorionis
1284 732 1565 777 cantoribus«
1605 748 1778 778 amicus
1816 742 1926 779 erat.

260 789 391 833 Hunc
434 788 528 832 sere
569 788 611 831 in
645 789 826 832 modum
858 789 945 832 iam
979 788 1338 835 Parthenius
1368 792 1509 835 verba
1541 806 1748 836 »munera
1779 792 1929 836 Musa·

259 862 376 890 rum«
421 847 741 903 interpretatus
787 861 891 890 esse
934 846 1135 900 videtur,
1182 862 1284 892 cum
1317 863 1372 893 ea
1403 863 1486 907 pro
1516 849 1809 895 »carminibus
1843 849 1928 894 Ca-

259 904 352 947 tulli
385 913 440 947 et
473 904 597 947 libris
629 919 685 948 ex
719 904 815 947 eius
848 904 1137 948 bibliotheca«
1169 915 1386 964 usurpata
1419 921 1522 951 esse
1554 917 1776 953 censeret.

396 983 608 1028 Nonnulli
655 992 806 1028 autem
852 1000 880 1028 o
914 984 1020 1029 inati
1067 994 1172 1030 sunt
1202 986 1426 1042 Mallium,
1472 1003 1572 1032 cum
1620 1003 1758 1032 »mun.
1791 988 1927 1034 Mus«

258 1050 456 1100 peteret,
504 1042 547 1085 id
579 1043 750 1099 egisse,
793 1050 842 1086 ut
918 1043 1083 1087 atullus
1114 1043 1199 1088 sibi
1230 1044 1315 1103 ipsi
1347 1046 1558 1104 proprios
1589 1061 1753 1091 versus
1785 1061 1929 1091 novos

258 1109 560 1157 componeret.
604 1100 741 1155 Quod
774 1100 969 1145 maxime
1001 1101 1186 1146 dubium
1219 1117 1323 1147 esse
1351 1112 1474 1162 puto,
1506 1104 1613 1161 quia
1634 1104 1709 1149 ille
1731 1120 1757 1148 a
1778 1113 1927 1163 poeta,

258 1157 294 1200 si
327 1158 462 1202 celeri
494 1158 712 1202 solamine
742 1159 998 1216 praesentis
1030 1159 1239 1204 miseriae
1270 1176 1386 1219 opus
1429 1170 1548 1216 erat,
1590 1161 1799 1219 flagitare
1840 1178 1928 1207 non

257 1215 412 1273 potuit,
446 1224 493 1259 ut
524 1216 673 1259 subito
705 1231 942 1260 numerum
975 1218 1243 1270 carminum,
1277 1227 1445 1276 quanto
1477 1220 1535 1263 ad
1566 1220 1831 1278 pervigilias
1862 1235 1929 1265 re-

257 1274 476 1317 creandas
508 1274 741 1330 indigebat
781 1274 972 1323 amicus,
1016 1285 1323 1334 componeret.
1386 1278 1592 1336 Ineptum
1635 1279 1836 1324 insolens
1871 1294 1927 1323 ue

257 1331 477 1375 eiusmodi
520 1341 723 1389 optatum
763 1333 935 1377 fuisset.
967 1359 1023 1365 ——
1055 1333 1149 1378 Sed
1181 1334 1288 1378 mihi
1319 1335 1462 1393 liquet
1492 1335 1718 1391 Mallium,
1762 1345 1812 1381 ut
1887 1351 1928 1380 a·

258 1389 416 1442 tullus,
460 1404 577 1446 quae
625 1398 837 1454 prompta
876 1391 1065 1435 haberet
1104 1392 1302 1436 carmina
1343 1408 1487 1452 nuper
1530 1394 1802 1452 composita,
1844 1395 1928 1440 sibi

257 1447 452 1491 mitteret
484 1448 726 1492 studuisse.
761 1475 816 1479 ——

397 1522 487 1578 Qui
536 1523 700 1567 deinde
734 1522 943 1568 Catullus
988 1525 1133 1569 amico
1185 1525 1397 1571 »Veneris
1448 1542 1655 1572 munera«
1706 1529 1929 1586 praebere

257 1580 436 1638 potuit?
497 1581 682 1625 Amoris
725 1582 907 1638 quidem
947 1583 1117 1639 gaudia
1159 1584 1264 1641 quin
1297 1585 1366 1629 his
1398 1585 1550 1629 verbis
1582 1586 1797 1630 denotata
1827 1585 1927 1642 sint,

255 1639 449 1682 dubitari
492 1654 578 1683 non
624 1647 793 1697 potest,
843 1640 946 1696 quia
987 1640 1129 1685 altera
1168 1643 1458 1687 »venustatis«
1497 1643 1620 1687 notio
1662 1644 1732 1696 (cf.
1773 1659 1815 1702 p.
1856 1645 1929 1699 26)

256 1697 312 1739 ad
346 1698 462 1740 hunc
495 1698 641 1741 locum
675 1712 763 1741 non
797 1706 867 1741 est
899 1700 1251 1744 accommodata.

396 1771 452 1814 Et
483 1771 588 1825 illis,
621 1772 696 1828 qui
730 1772 941 1816 versibus
971 1775 1049 1831 5l6
1080 1775 1294 1819 amissam
1327 1775 1450 1820 Malli
1483 1776 1673 1820 amicam
1706 1777 1821 1820 tradi
1852 1792 1929 1835 pu-

257 1830 423 1882 tabant,
469 1829 603 1872 obvia
635 1838 733 1873 erat
763 1831 987 1875 sententia
1020 1831 1251 1876 Catullum
1283 1834 1438 1878 Mallio
1470 1834 1530 1878 ita
1562 1834 1730 1879 amoris
1760 1835 1927 1892 gaudia

258 1888 479 1944 praebere
497 1887 724 1940 debuisse,
748 1897 796 1931 ut
817 1904 981 1932 novam
1005 1890 1044 1933 ei
1062 1899 1257 1935 amatam
1275 1900 1562 1950 compararet
1582 1892 1654 1945 (cf.
1676 1891 1927 1938 Skutsch.

258 1945 300 1988 in
331 1944 436 1988 »Rh.
471 1945 605 1989 Mus«
638 1944 911 1990 XXXXVII
952 1963 994 2005 p.
1032 1949 1114 2005 146
1153 1954 1272 2005 ann.)
1333 1949 1484 2005 Quam
1528 1950 1786 2008 opinionem
1818 1950 1929 1995 Bir-

257 2002 371 2046 tius
411 2010 425 2059 (
462 2038 470 2046 .
509 2011 575 2058 12)
619 2003 732 2047 falsa
773 2019 989 2049 versuum
1021 2020 1077 2063 27
1121 2021 1220 2064 sqq.
1262 2008 1562 2066 explicatione
1603 2009 1820 2054 seductus
1859 2009 1930 2061 (cf.

258 2060 370 2117 Cap.
455 2065 469 2116 )
514 2075 569 2104 eo
621 2062 832 2117 detorsit,
886 2071 934 2106 ut
979 2063 1209 2109 Catullum
1259 2066 1550 2123 magnificum
1603 2068 1813 2111 lenonem
1853 2063 1928 2112 fin-

255 2127 410 2174 geret,
453 2119 527 2175 qui
566 2134 653 2163 non
686 2121 822 2164 modo
854 2120 1030 2174 Mallio,
1074 2123 1157 2166 sed
1189 2123 1325 2167 etiam
1357 2124 1565 2168 omnibus
1598 2124 1927 2170 Veronensium

256 2176 492 2220 iuvenibus
526 2177 644 2221 bella
675 2179 876 2222 scortilla
909 2194 964 2223 ex
998 2181 1111 2224 urbe
1134 2181 1280 2225 Roma
1312 2182 1490 2226 mittere
1522 2183 1704 2227 soleret.
1755 2183 1927 2228 Birtii

256 2243 406 2278 autem
444 2234 715 2279 existimatio
748 2236 854 2280 mihi
885 2237 1119 2282 confestim
1152 2239 1389 2284 refutanda
1421 2255 1525 2284 esse
1559 2241 1748 2285 videtur.
1809 2241 1928 2287 Nam

256 2292 339 2336 etsi
373 2291 602 2336 Catullum
650 2293 867 2338 leviorem
914 2295 1120 2340 iuvenem
1167 2297 1307 2342 fuisse
1353 2298 1542 2352 scimus,
1596 2299 1756 2357 quales
1801 2300 1929 2344 multi

257 2350 373 2394 illius
403 2351 565 2394 aetatis
597 2360 736 2404 erant,
771 2360 919 2397 tamen
953 2354 1075 2398 nullo
1104 2355 1240 2399 modo
1254 2360 1286 2408 ι)
1317 2364 1518 2400 statuere
1548 2371 1794 2415 possumus
1825 2372 1929 2402 eum

258 2408 506 2465 puellarum
550 2418 797 2454 mercatum
842 2419 933 2454 tam
974 2411 1204 2468 ingentem
1253 2422 1297 2457 et
1343 2414 1637 2472 multiplicem
1681 2414 1928 2460 instituisse

258 2466 324 2510 ‹cf-
361 2465 649 2523 Sonnyum
682 2467 725 2511 in
749 2468 933 2513 ›>W0ch.
956 2470 982 2513 s.
1007 2470 1065 2514 kl.
1089 2470 1191 2515 Ph.«
1223 2471 1324 2516 VIII
1356 2488 1398 2530 p.
1430 2486 1490 2530 53
1520 2479 1620 2529 sq.),
1655 2473 1781 2516 cuius
1812 2473 1928 2518 simi-

258 2524 342 2567 lem
386 2524 471 2567 illis
511 2525 792 2582 temporibus
835 2527 1038 2572 extitisse
1077 2529 1199 2573 haud
1229 2530 1325 2574 scio
1356 2546 1413 2574 an
1444 2545 1580 2575 nemo
1612 2531 1929 2576 demonstrare

256 2582 412 2639 possit.
447 2609 499 2613 —
531 2582 625 2626 Sed
667 2598 722 2627 ne
763 2599 901 2628 unum
933 2586 1116 2643 quidem
1148 2596 1346 2632 scortum
1387 2597 1436 2632 ut
1477 2588 1561 2632 sibi
1605 2588 1929 2634 transmitteret

258 2638 477 2693 Catullus,
511 2640 682 2685 amicus
714 2641 922 2698 flagitare
954 2645 1110 2701 potuit.
1142 2645 1248 2703 quia
1278 2646 1403 2690 illurn
1425 2646 1652 2699 Veronae,
1684 2645 1725 2690 in
1758 2647 1928 2705 oppido

258 2712 439 2741 moroso
486 2712 740 2755 severoque
782 2704 871 2752 (vv.
912 2716 968 2758 27
1000 2706 1116 2760 sqq.)
1159 2704 1331 2748 versari
1377 2704 1562 2749 sciebat.
1636 2703 1769 2749 Unde
1810 2705 1928 2750 enim

259 2755 468 2799 Veronae
499 2756 694 2813 puellam
728 2772 890 2815 parare
921 2758 997 2803 ille
1028 2760 1202 2818 quivit?

401 2894 425 2937 ι)
451 2906 538 2931 nam
574 2908 603 2931 c.
631 2896 672 2941 C,
706 2900 810 2943 quod
842 2900 890 2934 ad
930 2900 1171 2945 probandam
1198 2901 1428 2938 sententiam
1454 2902 1566 2938 affert
1594 2902 1803 2948 Birtius,
1837 2902 1930 2939 nihil

255 2948 325 2985 est,
351 2941 439 2987 quia
462 2953 577 2978 nemo
603 2944 727 2979 adhuc
752 2945 835 2980 eius
859 2954 1089 2990 argumenta
1115 2950 1265 2983 ratione
1291 2948 1504 2985 indubitata
1529 2948 1723 2985 illustrare
1746 2949 1882 2995 potuit.
