1942 3380
749 230 1040 273 „43-

165 338 404 406 ,Omnium
437 341 863 401 interpretationum
890 344 1030 410 igitur
1051 346 1198 390 solam
1223 346 1519 392 Parthenii
1543 362 1734 405 sequen·

26 398 148 443 ‘dam
181 414 287 444 esse
310 414 494 446 censeo.
559 401 665 458 Qua
686 418 777 447 una
800 405 1013 449 versibus
1034 419 1210 463 27—30
1236 415 1515 451 momentum
1539 406 1734 460 additur,

22 472 143 524 fquo·
164 458 328 504 relatio
346 474 465 525 ’cum
498 461 665 506 ceteris
706 477 825 520 quae
863 471 908 507 et
941 478 1077 520 quam
1111 464 1270 521 gravis
1302 466 1381 521 sit,
1425 465 1732 523 intellegatur.

30 516 250 562 v*Vidimus
283 533 404 562 enim
436 518 479 563 in
499 535 586 564 vv.
624 535 677 578 19
708 530 753 565 et
784 522 893 580 25l6
926 521 1159 567 Catullum
1201 522 1244 566 in
1287 523 1550 568 universum
1583 524 1734 569 omnia

15 590 250 627 «amorum
294 578 465 634 gaudia
507 587 697 638 propter
737 580 882 625 malas
923 581 1058 625 animi
1101 581 1394 627 condiciones
1437 598 1489 628 se
1530 583 1734 628 aversari

29 634 230 681 dixisse.
304 636 416 681 Ideo
458 646 612 682 autem
656 640 884 697 (»quare«),
927 649 1065 698 poeta
1104 640 1278 699 pergit,
1322 655 1374 686 se
1406 642 1529 700 quod
1562 642 1736 687 amicus

7 695 325 754 progavisset:
371 704 422 741 ut
463 696 646 742 Verona
691 698 806 743 tristi
851 699 1100 743 decederet
1147 708 1192 744 et
1236 715 1443 744 amorum
1488 700 1734 759 suscipien-

4 771 11 800 ρ
39 753 202 798 dorum
235 770 376 799 causa
418 756 476 800 ad
517 771 569 801 se
606 757 806 812 veniret,
850 767 1089 816 praestare
1131 774 1219 802 non
1263 774 1415 817 posse.
1477 759 1539 804 Ut
1581 769 1733 804 autem

0 826 12 875 ξ
39 827 115 857 νν.
147 828 326 872 27—30
357 815 415 859 ad
447 815 523 860 illa
564 815 779 860 »Veneris
812 832 1020 861 munera«
1060 819 1120 873 (v.
1164 821 1231 872 10)
1273 818 1499 862 referendi
1537 818 1648 872 sint,
1691 819 1734 863 in

0 886 82 931 p.
125 887 184 930 34
229 873 439 918 disserui.
497 903 540 907 —
608 874 830 919 Catulli
882 875 1023 932 igitur
1072 891 1357 935 responsa
1404 880 1495 932 (vv.
1547 882 1734 936 15—30)

39 946 66 975 a
113 933 387 990 generali
435 934 518 994 ad,
558 934 822 992 speciale
875 935 1157 993 progredi
1211 935 1496 980 videntur.
1575 936 1735 992 Quare

40 1005 116 1035 vv.
139 1005 318 1050 27-30
338 993 732 1049 gravissimos
765 1008 871 1038 esse
904 994 1192 1038 manifestum
1215 994 1277 1048 fit,
1311 1003 1450 1052 atque
1477 996 1593 1039 falso
1615 996 1734 1042 Rie-

38 1049 183 1094 sium
231 1053 291 1110 (p.
324 1053 429 1109 221)
478 1067 559 1096 eos
606 1053 911 1097 annotationis
958 1068 1130 1111 parvae
1167 1062 1352 1111 praeter
1396 1063 1550 1098 cetera
1586 1054 1734 1099 factae

2 1135 3 1138 =
41 1107 143 1154 vice.
183 1110 432 1168 fungentes
471 1111 638 1156 fecisse
679 1111 769 1156 iam
802 1112 1390 1160 Hoerschelmannus
1432 1116 1492 1171 (p,
1524 1114 1648 1170 9s10)
1690 1123 1735 1157 et

38 1166 314 1228 Sonnyus
354 1176 410 1229 (p.
447 1172 523 1229 54)
566 1179 822 1215 senserunt.
887 1171 1006 1215 Nam
1053 1171 1152 1215 illis.
1204 1171 1359 1215 verbis
1400 1180 1537 1230 poeta
1577 1187 1629 1216 se
1671 1187 1734 1216 ea

37 1227 189 1287 ipsa,
238 1243 387 1286 quae
435 1229 655 1274 amicus
700 1230 1105 1287 flagitaverat,
1153 1245 1413 1274 »munera
1459 1230 1734 1275 Veneris«

40 1301 217 1345 negare
250 1288 424 1333 debere
456 1289 736 1348 pronuntiat,
780 1304 883 1333 cum
926 1289 1098 1333 crimen
1130 1304 1157 1333 a
1189 1289 1344 1333 Mallio
1383 1289 1550 1333 factum
1591 1289 1733 1334 reicit.

39 1346 302 1392 Verisimile
349 1355 504 1392 autem
552 1356 623 1393 est
669 1347 864 1392 amicum
922 1348 965 1392 in
1019 1347 1231 1407 epistolio
1277 1349 1394 1392 hanc
1440 1348 1586 1406 ipsam
1635 1364 1734 1407 par-

37 1413 152 1457 tem,
199 1421 291 1465 qua
334 1406 503 1452 Catulli
545 1407 754 1452 libidines
792 1407 921 1460 adiit,
969 1406 1173 1466 inprimis
1219 1407 1487 1465 protulisse,
1536 1415 1605 1461 ut,
1654 1423 1735 1452 cur

39 1474 178 1524 poeta
210 1467 499 1525 respondens
532 1467 726 1511 eandem
760 1466 1007 1524 praecipue
1039 1466 1316 1524 respexerit,
1355 1466 1487 1510 facile
1519 1466 1578 1510 sit
1609 1466 1730 1511 intel-

40 1525 175 1570 lectu.
240 1525 413 1570 Verum
447 1525 651 1570 nonnulli
683 1525 766 1569 viri
799 1525 919 1569 docti
953 1540 1008 1569 eo
1040 1525 1203 1569 offensi
1230 1533 1348 1579 sunt,
1382 1525 1505 1582 quod
1528 1524 1571 1568 in
1594 1524 1733 1579 Malli,

39 1598 176 1642 quem
210 1584 520 1629 tristissimum
552 1584 791 1634 finxerant,
835 1583 1046 1642 epistolio
1079 1592 1170 1628 tarn
1203 1584 1374 1628 lasciva
1407 1585 1550 1628 verba
1582 1599 1734 1628 occur—

31 1651 143 1695 runt
182 1643 254 1695 (cf.
287 1642 554 1701 Magnum
593 1643 636 1687 in
674 1643 894 1687 »Zeitsch.
928 1642 955 1687 f.
996 1643 1034 1686 d.
1077 1642 1253 1687 G.-W.«
1290 1643 1403 1701 1878
1442 1658 1484 1700 p.
1517 1657 1623 1701 497;
1672 1642 1733 1687 M.

38 1701 397 1747 Schmidtium
429 1718 472 1761 p.
507 1703 614 1760 782:
647 1701 1213 1759 »Stimmungswechsel«).
1276 1701 1373 1746 Sed
1396 1702 1432 1745 si
1455 1702 1734 1760 reputaveri-

40 1776 143 1806 mus
176 1760 348 1806 Catulli
380 1761 577 1806 amicum
611 1763 702 1818 (vv.
736 1762 831 1820 5)6)
873 1776 957 1819 per
994 1760 1193 1805 amoris
1231 1761 1402 1818 gaudia
1440 1775 1491 1805 se
1523 1775 1733 1804 somnum

39 1820 344 1865 adducturum
387 1835 493 1865 esse
531 1836 741 1879 sperare,
786 1819 873 1864 illis
913 1820 1123 1864 versibus
1155 1834 1350 1877 27—30,
1384 1819 1550 1876 quibus
1582 1828 1732 1877 poeta,

39 1879 164 1938 quod
202 1879 418 1924 Veronae
457 1888 660 1933 maneat,
702 1879 1008 1938 vituperatur,
1050 1879 1248 1923 animum
1282 1878 1407 1922 Malli
1449 1878 1601 1922 subito
1642 1894 1734 1922 mu-

38 1947 184 1983 tatum
216 1938 406 1983 indicari
438 1954 529 1983 non
558 1953 884 1997 proponemus,
918 1938 1188 1996 praesertim
1222 1952 1322 1981 cum
1349 1938 1490 1981 verba
1511 1952 1733 1995 »quare—

40 1998 197 2042 cubili«
239 1998 297 2042 ad
338 2013 525 2056 precem
566 1998 714 2056 ipsam
755 1997 995 2042 referenda
1037 1996 1140 2040 sint.
1205 1995 1345 2040 Certe
1385 1996 1568 2053 quidem
1608 1995 1733 2039 Malli

41 2065 243 2101 mentem
276 2072 365 2101 non
398 2072 613 2101 severam
645 2065 974 2114 strenuamque
1003 2055 1145 2100 fuisse
1168 2055 1345 2099 credas.
1409 2054 1576 2110 Quem,
1611 2055 1733 2112 quod

44 2116 102 2160 ad
136 2130 290 2160 mores
322 2116 532 2174 pertinet,
567 2131 668 2160 cum
706 2115 891 2160 Catullo
924 2115 1024 2173 ipso
1057 2114 1265 2158 conferre
1298 2128 1556 2172 possumus
1595 2139 1643 2144 —

182 2174 304 2219 Tota
345 2174 484 2231 igitur
524 2175 601 2219 illa
642 2189 751 2233 pars
792 2189 1010 2218 versuum
1049 2188 1240 2231 15-32,
1286 2188 1375 2229 qua
1419 2172 1476 2216 ad
1521 2171 1734 2215 »Veneris

44 2248 254 2278 munera«
286 2234 429 2292 petita
460 2242 599 2293 poeta
630 2234 900 2291 respondet,
942 2232 1113 2291 optime
1146 2231 1367 2290 disposita
1400 2246 1506 2275 esse
1540 2230 1733 2275 videtur.

39 2292 267 2338 Versibus
303 2307 475 2351 15—-19
497 2293 616 2338 enim
643 2292 855 2337 Catullus
887 2291 972 2336 sibi
994 2291 1145 2335 studia
1167 2290 1389 2335 amatoria
1409 2290 1561 2334 fratris
1589 2297 1733 2333 morte

43 2352 269 2397 exstincta
300 2367 406 2396 esse
440 2352 646 2396 declarat
656 2370 668 2407 ,·
712 2352 831 2395 hunc
873 2353 1021 2408 ipsum
1054 2350 1263 2394 fortunae
1296 2364 1451 2394 casum
1485 2348 1733 2406 separatim

39 2411 83 2456 in
114 2426 188 2455 vv.
212 2425 389 2468 20—24
421 2410 647 2469 queritur;
684 2410 726 2454 in
751 2425 824 2454 vv.
847 2410 985 2468 25l26
1006 2408 1172 2467 repetit
1203 2409 1279 2452 illo
1309 2407 1552 2451 infortunio
1574 2421 1734 2450 omnes

38 2469 376 2530 propensiones
407 2470 466 2514 ad
489 2470 771 2528 voluptatem
805 2468 974 2512 amoris
996 2475 1260 2526 spectantes
1283 2466 1544 2516 evanuisse;
1579 2465 1731 2523 itaque

40 2535 134 2582 (vv.
167 2532 361 2587 27—30)
400 2544 452 2573 se
487 2527 721 2579 Veronae,
765 2527 806 2572 in
852 2527 1023 2586 oppido
1056 2541 1265 2579 moroso,
1308 2539 1572 2569 mansurum
1614 2539 1732 2568 esse.

42 2587 128 2632 His
173 2596 326 2632 autem
370 2587 525 2638 dictis,
577 2603 696 2645 quae
741 2586 923 2631 Mallius
963 2594 1215 2642 rogaverat
1257 2583 1471 2628 »Veneris
1516 2598 1733 2631 munera«,

43 2655 169 2692 certe
201 2647 434 2705 denegata
466 2655 584 2691 sunt.
649 2646 787 2702 Quod
827 2653 964 2704 poeta
1008 2644 1051 2688 in
1084 2643 1173 2688 fine
1206 2644 1330 2687 clare
1362 2642 1620 2701 pronuntiat
1663 2657 1734 2685 ve·

39 2705 161 2751 niam
214 2706 438 2764 petendo,
487 2706 611 2764 quod
658 2713 816 2763 optata
869 2703 1131 2761 negaverit,
1192 2717 1294 2746 cum
1351 2702 1407 2746 ad
1456 2701 1562 2745 talia
1616 2701 1735 2744 dona

41 2765 194 2810 danda
225 2773 361 2823 aptus
393 2779 483 2809 non
516 2773 642 2809 esset
674 2767 764 2818 (vv.
788 2764 962 2821 31s32);
994 2763 1151 2806 »haec
1177 2796 1184 2805 .
1210 2797 1218 2806 .
1244 2775 1451 2805 munera«
1483 2774 1598 2816 ergo
1621 2758 1732 2802 ‘Ve-

40 2824 200 2868 neris
231 2838 440 2868 munera«
472 2823 783 2880 intellegenda
817 2836 922 2866 esse
955 2828 1147 2880 apparet
1185 2819 1255 2876 (cf.
1290 2818 1576 2863 Harneck.
1599 2833 1651 2883 p.
1687 2831 1733 2874 7;

41 2882 423 2928 Skutschium
465 2898 506 2941 p.
543 2886 656 2940 147).
721 2880 816 2926 Sed
857 2879 1059 2924 nonnulli
1100 2877 1735 2941 commentatoresssx'iess-

37 2941 173 2998 ling.
206 2956 248 3000 p.
287 2955 362 3000 15;
394 2941 455 2986 M.
491 2940 848 2986 Schmidtius
881 2955 922 2997 p.
959 2939 1115 2997 783l4;
1151 2938 1470 2982 Baehrens.
1495 2951 1537 2979 in
1562 2935 1731 2978 ἢΙΓΙεςκ.
