1942 3380
738 238 1027 281 ‚41-

178 345 357 393 Sensus
385 363 499 393 vero
532 350 849 408 explicationis
871 351 1308 398 Parthenianae
1335 354 1530 413 simplex
1564 354 1731 399 clarus-

34 422 126 467 que
158 414 242 452 est.
304 407 491 452 Mallius
523 408 642 453 enim
675 425 864 455 suorum
896 410 1041 469 ipsius
1072 420 1332 470 optatorum
1364 428 1504 458 causa
1532 414 1589 457 ad
1612 428 1729 458 arna·

33 466 176 533 torias
208 464 379 532 Catulli
411 468 744 526 propensiones
777 485 1037 528 provocans
1070 471 1263 515 amicum
1298 480 1560 525 monuerat,
1593 487 1728 530 quam

33 525 269 584 illepidum
292 526 627 585 inelegansque
660 537 786 573 esset
807 528 1023 573 Veronae
1055 529 1237 586 morari,
1271 530 1346 574 ubi
1380 531 1638 575 libidinibus
1671 532 1730 575 in·

33 584 231 642 dulgere
263 585 489 650 nequiret.
552 586 670 630 Nam
704 587 747 631 in
779 588 866 632 hoc
891 587 1073 633 Galliae
1098 588 1360 647 Cisalpinae
1391 590 1561 648 oppido
1595 590 1730 648 prisci

33 658 189 688 mores
220 651 357 688 etiam
389 644 592 689 valuisse
625 645 849 700 videntur,
885 648 963 705 qui
994 647 1237 692 iuvenibus
1273 647 1531 701 licentiosis,
1569 650 1731 705 quales

36 701 257 748 Caesaris
289 711 442 748 aetate
474 703 715 758 vivebant,
760 705 1035 750 incommodi
1078 715 1124 750 et
1166 706 1342 751 ridiculi
1385 717 1526 751 erant.
1591 707 1729 763 Quod

35 770 189 806 autem
223 761 450 816 Catullus,
479 778 618 821 quem
641 778 827 808 suorum
852 773 1109 824 temporum
1134 765 1342 810 luxuriae
1363 766 1567 810 deditum
1590 766 1731 810 fuisse

33 828 227 876 constat,
250 821 329 865 illo
361 821 464 866 loco
487 822 656 867 diutius
678 832 957 877 versaretur,
991 823 1033 868 id
1057 833 1228 882 »turpe«
1261 840 1366 869 esse
1390 824 1571 870 Mallius
1593 825 1730 883 scrip-

39 888 178 928 serat.
242 879 338 925 Sed
370 889 509 940 poeta
541 882 779 940 respondit
811 898 899 926 non
933 891 1117 941 »turpe«,
1152 884 1234 928 sed
1268 884 1577 928 »miserum«
1610 899 1729 929 esse.

34 938 261 984 Concedit
280 955 396 997 ergo
410 940 644 985 Veronam
662 941 746 985 sibi
765 956 852 985 non
873 950 1026 1000 aptam
1045 957 1164 994 esse,
1184 958 1344 986 verum
1363 958 1465 987 cum
1484 958 1571 987 non
1587 943 1730 1001 ipsius

32 998 290 1053 voluntate,
337 999 421 1044 sed
455 999 571 1044 tristi
612 1000 792 1044 fortuna
834 1010 1021 1045 coactus
1063 1001 1230 1045 ibidem
1274 1002 1514 1055 manserit,
1558 1001 1729 1046 crimen

33 1058 366 1124 »turpitudinis«
398 1059 688 1103 refutandum
724 1075 829 1104 esse
851 1068 993 1118 putat.
1016 1087 1073 1092 —
1096 1060 1276 1115 Quodsi
1301 1060 1603 1105 Parthenii
1633 1075 1729 1104 sen-

32 1124 217 1162 tentiam
251 1133 335 1176 per
366 1118 550 1176 singula
583 1119 726 1163 verba
758 1133 977 1163 versuum
1010 1134 1186 1177 27—30
1218 1119 1546 1173 examinamus,
1580 1119 1729 1164 unius-

31 1176 255 1235 cuiusque
289 1177 418 1221 vocis
455 1177 685 1221 notionem
733 1178 904 1235 optime
943 1193 1214 1236 expressam
1258 1193 1363 1223 esse
1405 1178 1728 1235 intellegimus.

30 1235 234 1280 Primum
258 1235 558 1281 Veronenses
591 1237 825 1281 amoribus
857 1246 1068 1282 carentes
1098 1236 1327 1282 solitarios
1350 1252 1456 1282 esse
1490 1238 1729 1291 (»deserto<r

30 1294 85 1339 cf.
126 1310 170 1353 p.
202 1297 278 1351 21)
328 1295 527 1353 legimus
568 1303 707 1353 atque
746 1295 789 1339 in
831 1299 948 1340 lecto
995 1296 1220 1340 »deserto«
1273 1296 1348 1340 vix
1390 1296 1535 1353 frigus
1577 1296 1728 1354 depel-

31 1353 128 1398 lere
159 1369 301 1412 posse
334 1355 652 1413 (»tepesacere«
685 1355 738 1398 cf.
773 1370 815 1413 p.
848 1358 946 1412 40),
981 1370 1100 1412 quae
1131 1355 1356 1399 sententia
1388 1355 1574 1413 saepius
1605 1354 1725 1413 apud

30 1421 194 1471 poetas
226 1414 475 1459 amatorios
506 1413 718 1467 occurrit,
751 1413 805 1458 cf.
830 1412 1271 1471 Ov.A.A.111170:
1303 1413 1509 1470 »Frigida
1542 1415 1726 1458 deserta

31 1480 166 1517 nocte
198 1472 370 1518 iacebis
403 1488 537 1517 anus«
549 1490 559 1527 ;
593 1471 684 1517 Ov.
719 1472 829 1517 Her.
863 1472 952 1530 I7:
987 1472 1110 1516 »Non
1144 1487 1234 1529 ego
1267 1473 1454 1517 deserto
1486 1472 1727 1517 iacuissem

30 1530 198 1588 frigida
215 1532 376 1586 lecto«;
402 1531 493 1577 Ov.
512 1531 620 1576 Am.
639 1531 849 1590 lIIl5l42;
919 1531 977 1575 ib.
997 1531 1166 1589 Is8l39;
1190 1531 1324 1590 Prop.
1350 1531 1529 1589 lls17s3,
1553 1530 1728 1589 IVJ7,6.

33 1589 297 1635 Pronomen
327 1591 438 1636 »hic«
483 1606 622 1649 porro
664 1590 857 1648 simplici
899 1591 1037 1634 modo
1070 1599 1115 1634 et
1148 1590 1224 1648 qui
1256 1591 1522 1634 assentienti
1558 1589 1727 1634 Catulli

30 1650 186 1695 sensui
219 1651 514 1709 respondeat,
548 1650 605 1694 ad
638 1649 994 1708 praecedentem
1038 1664 1199 1694 vocem
1240 1649 1491 1694 »Veronae«
1533 1649 1729 1693 referen-

30 1709 139 1753 dum
173 1718 256 1754 est.
272 1713 303 1764 ¹)
336 1737 392 1740 —
427 1708 529 1753 Vox
571 1710 797 1753 »deserto«
837 1708 1034 1766 denique
1076 1723 1159 1766 per
1200 1722 1251 1752 se
1292 1708 1503 1752 absoluta
1547 1708 1727 1764 legitur,

30 1776 80 1812 ut
110 1768 155 1813 in
188 1784 231 1813 v.
263 1770 293 1812 6
324 1769 397 1825 (cf.
431 1784 509 1827 pg.
543 1769 632 1826 23).
696 1767 814 1811 Nam
861 1767 1142 1824 cogitatione
1173 1782 1219 1811 »a
1246 1775 1310 1810 te«
1343 1767 1461 1821 addi,
1496 1767 1618 1825 quod
1652 1782 1726 1809 vo-

32 1827 217 1872 luerunt
249 1827 604 1879 Palladiani,
638 1826 823 1884 longius
855 1827 1000 1870 abest.

173 1898 366 1943 Praeter
427 1898 705 1958 principales
776 1906 927 1941 autem
1003 1896 1301 1940 Parthenii
1372 1895 1728 1953 Palladiique

30 1957 431 2016 interpretationes
473 1958 594 2001 duae
638 1957 756 2000 aliae
798 1956 1106 2008 inveniuntur,
1150 1971 1269 2013 quae
1314 1970 1338 1998 a
1384 1955 1576 2012 singulis
1621 1955 1729 1998 viris

30 2017 179 2061 doctis
211 2017 597 2070 defendebantur,
637 2016 721 2060 sed
764 2025 954 2118 profiter
996 2015 1141 2073 ipsam
1177 2013 1512 2058 mirabilitatem
1559 2013 1728 2070 dignae

30 2083 149 2130 sunt,
183 2091 303 2134 quae
335 2083 674 2134 proponantur:
709 2074 811 2118 dico
896 2073 1016 2118 irtii
1050 2082 1092 2117 et
1127 2073 1365 2129 Jowetti
1398 2072 1647 2130 opiniones.

173 2146 254 2190 Ille
287 2146 472 2204 quidem
506 2162 532 2190 a
565 2144 863 2190 Parthenii
896 2144 1121 2188 sententia
1154 2144 1386 2202 profectus
1419 2157 1579 2187 vocem
1623 2141 1727 2186 *Ve-

30 2220 193 2250 ronae«
225 2208 286 2264 (p.
325 2220 374 2249 11
410 2209 497 2263 sq.)
530 2220 632 2250 cum
665 2212 818 2262 »turpe
841 2218 967 2248 esse«
1000 2202 1234 2248 coniunxit
1267 2211 1405 2259 atque
1428 2201 1570 2245 voluit
1593 2216 1727 2244 enun-

31 2264 189 2308 tiatum
209 2265 397 2309 causale
415 2265 574 2323 (»quod
594 2291 648 2295 —
668 2263 840 2319 cubili«)
859 2278 942 2328 per
959 2262 1212 2306 orationem
1236 2261 1454 2304 directam
1473 2260 1723 2304 secundum

30 2323 157 2368 Malli
191 2323 455 2382 epistolium
487 2322 694 2382 proferri.
759 2321 896 2378 Legit
929 2321 1092 2379 igitur:
1134 2319 1276 2385 »quod
1317 2319 1480 2363 scribis
1513 2318 1726 2362 Veronae

30 2391 166 2441 turpe
198 2398 304 2427 esse
338 2382 525 2428 Catullo
558 2386 631 2435 (Ξ
655 2380 870 2425 Veronae
895 2379 1080 2424 Catullo
1113 2378 1283 2423 crimini
1307 2377 1454 2432 verti).
1491 2377 1629 2435 =quod
1658 2378 1727 2420 hic

31 2441 361 2497 (Veronael)
395 2457 438 2499 q.
462 2442 504 2486 d.
529 2456 586 2485 m.
611 2455 651 2484 n.
675 2440 725 2484 fr.
750 2439 791 2483 d.
827 2439 1074 2497 tepefactat
1107 2438 1312 2481 membra
1345 2436 1529 2480 cubilia«.
1593 2435 1728 2479 Hunc

33 2510 186 2545 autem
219 2516 405 2545 sensum
441 2499 597 2545 verbis
630 2498 854 2543 subdidit:
889 2497 1108 2549 Mallium,
1142 2496 1218 2553 qui
1252 2495 1520 2539 Veronae
1551 2495 1598 2548 (l)
1631 2509 1728 2538 ver-

29 2568 234 2614 saretur,
282 2559 467 2604 Catullo
511 2568 606 2604 tum
654 2557 697 2602 in
742 2556 916 2602 Sabino
961 2556 1034 2600 vel
1080 2554 1322 2600 Tiburtino
1369 2552 1727 2619 (XXXXllllsz)

32 2619 227 2663 moranti
262 2617 506 2677 scripsisse
529 2617 744 2662 Veronae
778 2615 818 2660 ei
852 2614 1024 2660 crimini
1049 2614 1158 2663 dari,
1193 2613 1314 2671 quod
1338 2613 1514 2657 nobiles
1537 2625 1726 2675 iuvenes

32 2677 331 2723 Veronenses
363 2678 462 2722 sine
494 2676 659 2736 puellis
693 2682 860 2720 essent.
926 2673 1146 2718 Birtius
1184 2687 1299 2729 ergo
1334 2671 1566 2716 Catullum
1600 2670 1729 2714 finxit

29 2736 180 2781 officio
211 2736 495 2791 obstrictum,
530 2744 579 2780 ut
608 2733 791 2779 lascivis
823 2732 999 2792 patriae
1033 2747 1145 2777 suae
1176 2731 1417 2775 iuvenibus
1452 2729 1727 2774 scortilla

178 2855 202 2897 ¹)
240 2855 285 2892 cf.
311 2849 559 2892 Weisium
586 2866 643 2902 pr.
673 2855 765 2899 1869
790 2864 825 2899 p.
855 2863 916 2896 105
952 2850 1262 2905 Eichlerum,
1298 2849 1518 2895 Magnum
1548 2847 1582 2883 in
1615 2847 1677 2902 ‘72‘
1706 2845 1727 2881 s.

30 2902 421 2996 ξεῦΐᾷᾚὲῐῗέἓρ
446 2905 518 2949 496
543 2909 581 2938 et
607 2913 696 2949 5o4;
723 2900 1093 2936 BaehrenSium
1124 2909 1160 2932 in
1191 2897 1326 2932 »Anah
1355 2896 1457 2931 Can«
1487 2906 1523 2941 p.
1548 2906 1589 2939 9;
1617 2894 1658 2929 XX
1684 2905 1729 2928 e-
