1942 3380
798 234 1059 278 -7„-

0 340 13 394 ᾗ
78 351 402 420 praeterquam
437 351 559 409 quod
595 366 699 395 cum
732 351 988 394 litterarum
1022 346 1439 404 manuscriptarum
1473 343 1687 389 ductibus
1718 342 1780 387 ni-

0 414 4 451 ἶ
78 427 217 458 mium
250 412 496 469 discrepat.
529 410 628 454 iure
662 417 941 463 removetur,
976 422 1079 452 curn
1112 406 1178 450 sic
1211 421 1269 450 ex
1302 419 1596 463 supervacuo
1628 402 1782 462 appel-

78 472 187 517 latio
230 470 363 516 brevi
408 478 514 514 ante
560 469 605 525 (i.
640 483 682 513 v.
715 471 762 527 9)
805 467 1008 512 adhibita
1051 467 1256 510 iteretur.
1320 464 1442 508 Fieri
1486 463 1654 508 deinde
1693 477 1784 506 non

77 538 242 591 potest,
276 539 325 574 ut
357 529 402 574 in
435 545 477 573 v.
511 544 582 587 41,
617 528 661 572 in
707 527 890 572 sublimi
924 525 1323 571 commendatione
1367 523 1425 567 ad
1459 522 1783 588 Musasiacta,

0 591 9 640 j⁵
77 599 124 636 et
154 590 198 634 in
231 604 274 634 v.
307 604 367 648 50
398 588 675 645 (»nomine«!)
711 596 756 632 et
788 587 831 630 in
866 603 908 631 v.
931 587 991 630 66
1013 585 1139 636 (»tale
1168 584 1250 628 fuit
1271 583 1404 627 nobis
1430 618 1438 626 .
1464 618 1472 626 .
1494 618 1502 627 .
1528 582 1784 637 auxillum«)

77 664 246 694 nomen
279 649 448 693 adesse
480 656 692 705 negetur.
755 647 923 705 Neque
956 645 1201 704 quisquam
1242 643 1286 687 id
1318 651 1525 708 ‘conatus
1558 650 1652 694 est,
1680 656 1784 707 ’non

77 708 228 766 magis
259 723 398 766 quam
431 707 473 751 in
508 723 549 751 v.
583 721 655 764 30,
688 706 765 750 ubi
799 720 979 758 nomen,
1022 704 1107 748 etsi
1140 718 1229 747 non
1264 710 1422 760 utique
1454 716 1784 753 necessar1um,

76 776 230 813 tamen
263 767 470 826 profecto
503 766 792 825 aptissimum
826 780 933 809 esse
966 771 1159 808 constat.

219 849 370 894 Aliter
402 857 556 893 autem
589 863 640 893 se
673 849 815 892 habet
848 864 889 892 v.
929 863 1021 906 150.
1072 847 1120 891 In
1145 861 1237 904 quo
1270 859 1434 889 omnes
1465 843 1564 888 fere
1598 843 1784 888 codices

0 930 2 957 ρ
77 908 318 955 exhibent:
351 909 457 953 »hoc
490 908 603 953 tibi.
630 946 636 952 .
673 922 839 952 munus
872 907 963 951 Pro
997 906 1151 951 multis
1184 904 1319 949 aliis
1351 903 1559 948 redditur
1591 903 1783 948 officiis«.

76 967 312 1013 Facillime
346 968 418 1012 hic
451 966 726 1024 Scaliger
758 966 978 1011 restituit:
1011 981 1116 1024 »pro
1149 980 1221 1018 m.,
1258 964 1406 1017 Alli,
1440 979 1475 1007 r.
1499 967 1611 1018 o.«1).
1665 962 1784 1007 Con-

77 1036 146 1072 tra
179 1042 285 1072 eum
318 1036 471 1071 autem
495 1026 787 1071 Weberus
818 1036 876 1084 (p.
915 1040 998 1083 113
1030 1031 1115 1083 sq.)
1149 1024 1370 1069 librorum
1403 1023 1647 1068 lectionem
1681 1023 1784 1066 reti-

76 1087 274 1131 nendam
317 1101 424 1131 esse
465 1086 591 1131 dixit.
656 1086 775 1130 Nam
820 1086 864 1129 in
912 1085 1065 1143 elegia
1107 1100 1133 1128 a
1167 1100 1209 1128 v.
1252 1098 1306 1140 41
1348 1098 1496 1141 usque
1529 1082 1586 1126 ad
1621 1098 1663 1126 v.
1701 1087 1786 1125 160

77 1145 339 1191 continuata
383 1146 441 1190 de
483 1146 630 1190 amico
669 1145 976 1189 narrationem
1010 1144 1108 1188 fieri
1141 1159 1293 1201 neque
1326 1142 1426 1187 eius
1459 1141 1784 1186 allocutionem

75 1214 230 1264 aptam
263 1219 382 1250 esse.
426 1205 562 1249 Hunc
595 1213 748 1249 autem
782 1204 826 1248 in
860 1204 1048 1248 modum
1073 1203 1373 1247 Weberus
1406 1201 1617 1246 codicum
1639 1202 1784 1245 verba

77 1264 345 1323 explicavit:
379 1264 443 1308 »id
477 1279 641 1308 munus
674 1264 752 1308 tibi
785 1279 870 1322 pro
903 1263 1058 1307 multis
1090 1262 1264 1316 officiis,
1299 1261 1324 1305 i.
1350 1277 1387 1305 e.
1414 1261 1663 1305 multorum
1687 1261 1782 1307 offi-

76 1324 249 1367 ciorum
283 1338 490 1367 meorum
524 1324 640 1373 loco,
675 1323 857 1367 tribum.
898 1322 1038 1378 Quod
1071 1330 1120 1365 ut
1143 1321 1385 1380 probabile
1406 1320 1594 1374 faceret,
1629 1336 1782 1365 exem-

58 1383 200 1441 ·plum
245 1382 459 1426 carminis
505 1381 714 1426 XXXVI
763 1382 930 1435 attulit,
974 1381 1051 1425 ubi
1084 1384 1143 1438 (v.
1178 1388 1222 1437 2)
1256 1396 1377 1439 »prov
1411 1402 1467 1417 Ξ
1499 1380 1622 1424 »loco
1655 1380 1784 1424 alcs.«

75 1456 182 1486 esse
214 1441 489 1500 opinabatur
522 1445 581 1500 (p.
608 1443 723 1499 114).
777 1441 990 1485 Aliorum
1025 1450 1179 1485 autem
1212 1439 1510 1485 sententiam:
1547 1439 1784 1484 Catullum

76 1515 261 1545 carmen
292 1515 416 1558 »pro«
448 1519 504 1538 Ξ
535 1501 598 1544 »in
637 1501 911 1559 praemium«
950 1500 1196 1544 multorum
1231 1499 1487 1544 officiorum
1521 1500 1578 1543 ab
1613 1498 1784 1543 Allio

73 1559 207 1604 facile
238 1559 566 1618 praestitorum
600 1560 801 1612 dedisse,
835 1559 940 1604 ideo
973 1575 1063 1603 non
1093 1559 1423 1603 admittendam
1448 1574 1554 1603 esse
1577 1560 1783 1617 putabat,

76 1619 201 1676 quod
233 1619 277 1662 in
309 1634 352 1662 v.
385 1633 439 1675 41
477 1619 661 1663 minime
692 1619 835 1663 multa
867 1619 939 1675 (cf.
973 1634 1104 1677 »qua
1139 1656 1146 1663 .
1184 1655 1191 1662 .
1227 1619 1270 1662 in
1303 1624 1388 1672 re»)
1429 1618 1583 1662 Allius
1616 1626 1784 1676 poetae

78 1677 295 1722 tribuisse
327 1677 571 1732 diceretur,
606 1693 710 1722 cum
742 1679 1021 1722 vocabulum
1054 1678 1275 1736 »quantis«
1306 1681 1365 1729 (v.
1389 1679 1465 1735 42)
1490 1693 1784 1736 nequaquam

74 1737 194 1793 idem
229 1737 406 1781 valeret
438 1752 491 1780 ac
522 1745 685 1795 »quot«.
730 1737 826 1782 Sed
860 1737 1076 1781 nonnulla
1108 1738 1294 1782 obstant
1327 1736 1581 1782 Weberi
1613 1737 1783 1796 opinio-

73 1796 219 1840 nibus.
283 1795 514 1840 Omnibus
547 1796 666 1840 enim
699 1796 812 1840 locis
845 1796 947 1841 libri
983 1795 1243 1851 Catulliani,
1288 1796 1366 1841 ubi
1399 1797 1784 1842 remunerationis

73 1855 292 1912 cogitatio
325 1855 597 1908 intercurrit,
631 1871 754 1914 »pro«
786 1878 841 1893 ε
873 1856 936 1899 »in
969 1856 1225 1914 praemium
1259 1857 1367 1901 alcs.
1398 1856 1485 1900 rei«
1517 1865 1782 1915 usurpatur,

73 1915 197 1973 quod
244 1929 302 1958 ex
346 1915 448 1973 ipso
488 1930 541 1959 se
585 1915 732 1959 offert.
796 1915 914 1959 Vide
957 1931 994 1960 c.
1029 1915 1291 1974 XXXIs11»
1336 1916 1442 1960 x>hoc
1477 1924 1548 1960 est
1582 1952 1590 1960 .
1625 1951 1633 1958 .
1667 1931 1782 1974 pro

74 1972 310 2018 laboribus
333 1973 488 2018 tantis«
521 1973 806 2033 LX1V1152:
841 1990 963 2033 *pro
996 1990 1088 2032 quo
1114 2011 1121 2019 .
1146 2010 1154 2017 .
1183 1975 1294 2020 feris
1316 1976 1464 2020 dabor
1486 1975 1783 2034 alitibusque«

73 2031 131 2076 ib.
179 2047 259 2090 157
304 2033 430 2077 »talia
477 2034 554 2090 qui
601 2034 757 2078 reddis
802 2049 885 2093 pro
928 2034 1050 2078 dulci
1092 2034 1301 2093 praemia
1346 2035 1459 2079 vita«
1502 2035 1786 2091 LXXVIl26

73 2091 272 2136 »reddite
305 2090 365 2135 mi
397 2092 484 2136 hoc
515 2108 600 2150 pro
633 2093 805 2151 pietate
839 2108 960 2138 mea«
993 2093 1224 2152 LXV1s37
1256 2094 1380 2153 »quis
1413 2110 1505 2153 ego
1537 2110 1622 2154 pro
1651 2095 1785 2139 factis

74 2149 264 2194 coelesti
305 2150 484 2195 reddita
529 2160 695 2197 coetu«.
761 2151 892 2197 Unus
937 2160 1114 2197 tantum
1146 2153 1348 2198 occurrit
1380 2169 1566 2208 versus,
1612 2154 1655 2198 in
1690 2170 1783 2212 quo

73 2224 195 2267 »pro«
234 2230 282 2246 =
316 2210 437 2254 »loco
470 2211 579 2255 alcs.
614 2211 699 2255 rei«
731 2211 997 2266 adhibetur,
1047 2228 1199 2271 neque
1242 2213 1342 2258 eius
1385 2214 1521 2258 lectio
1554 2223 1680 2258 certa
1714 2223 1786 2259 est

73 2270 127 2326 (c.
163 2268 349 2326 LV1j7),
385 2269 492 2327 quia
524 2270 728 2314 nonnulli
762 2280 1151 2316 commentatores
1184 2272 1244 2316 ibi
1277 2288 1367 2316 non
1400 2289 1504 2332 »pro
1537 2274 1663 2327 telo«,
1698 2275 1783 2318 sed

74 2327 342 2372 adverbium
371 2330 590 2387 »protelo«
613 2330 908 2374 scribendum
932 2346 1038 2375 esse
1062 2340 1251 2375 censent
1275 2332 1344 2389 (cf.
1369 2332 1510 2378 Ries.
1536 2348 1613 2392 pg.
1643 2334 1781 2392 1050.

72 2386 208 2431 Alter
231 2395 384 2431 autem
408 2388 550 2442 locus,
575 2389 664 2442 ille,
697 2404 788 2447 quo
811 2390 939 2434 nisus
962 2398 1033 2434 est
1057 2390 1347 2436 Weberus
1367 2398 1421 2444 (c.
1446 2391 1654 2437 XXXVI
1683 2398 1781 2448 1-2),

72 2445 179 2490 mihi
212 2446 398 2504 quidem
429 2447 589 2491 iniuria
622 2448 665 2491 in
698 2449 823 2492 illum
857 2464 1044 2493 sensum
1078 2450 1244 2494 deduci
1278 2451 1472 2495 videtur.
1526 2452 1575 2496 In
1599 2452 1782 2511 lepidis-

72 2504 187 2549 simo
220 2505 339 2549 enim
372 2505 448 2550 illo
480 2515 696 2565 poemate
720 2506 935 2552 Catullus
957 2507 1174 2553 Lesbiam
1208 2510 1315 2554 dicit
1337 2511 1526 2556 vovisse
1559 2527 1611 2556 se
1643 2511 1783 2556 »elec-

71 2563 246 2608 tissima
277 2565 465 2623 pessimi
497 2574 664 2624 poetae
696 2567 866 2626 scripta
889 2568 1117 2626 tardipedi
1140 2569 1229 2613 deo
1252 2570 1495 2625 daturam«,
1530 2571 1567 2615 si
1591 2580 1775 2616 amatus

71 2621 156 2667 sibi
187 2623 572 2669 reconciliaretur.
638 2625 882 2670 Discordia
923 2627 1063 2684 igitur
1093 2628 1276 2673 sublata
1309 2638 1448 2688 poeta
1480 2630 1687 2689 imperat,
1723 2639 1772 2675 ut

71 2683 190 2726 mala
223 2682 398 2727 Volusii
444 2684 647 2728 carmina
693 2685 804 2730 illud
851 2695 1011 2730 votum
1058 2702 1191 2745 »pro
1232 2703 1316 2732 sua
1359 2689 1533 2747 puella«
1574 2691 1770 2735 solvant.

72 2739 190 2784 Num
225 2742 417 2798 cogitari
450 2751 602 2801 potest
635 2743 737 2788 illos
770 2745 965 2789 miseros
987 2746 1177 2791 annales
1199 2763 1321 2805 »pro«
1345 2770 1400 2786 Ξ
1422 2749 1563 2794 ->loco«
1585 2750 1771 2808 puellae

73 2799 142 2855 (cf.
179 2800 496 2846 Weberum
537 2817 616 2861 pg.
664 2806 762 2862 114)
808 2813 965 2848 votum
1008 2806 1195 2850 solvere
1236 2807 1478 2862 debuisse,
1527 2809 1553 2854 i.
1589 2825 1626 2853 e.
1671 2809 1773 2854 eius

217 2918 241 2961 ¹)
266 2919 353 2965 Jam
382 2920 707 2958 Casaubonu
724 2935 742 2959 s
780 2924 839 2959 hic
879 2936 1022 2961 nomen
1056 2927 1283 2971 ponendum
1310 2940 1402 2964 esse
1429 2930 1582 2965 censuit
1611 2930 1662 2974 (in
1690 2943 1768 2967 ann

73 2974 209 3000 msscr.
235 2967 284 3001 ad
311 2966 430 3004 Mur.
458 2969 535 3012 ed)
