1942 3380
739 244 795 248 -
862 231 1031 275 19--

32 357 79 394 tu
113 347 247 393 simul
281 356 327 392 et
359 356 436 391 tua
468 347 605 391 vital«
638 347 709 395 (cf.
742 346 914 391 Harn.
947 362 990 405 p.
1023 361 1074 403 4;
1108 346 1394 391 Hoersch.
1427 362 1470 405 p.
1493 347 1552 402 6).
1601 346 1739 391 Prae-

33 415 162 453 terea
204 406 317 451 illud
358 421 404 450 »a
447 406 608 450 mortis
650 405 824 451 limine«
871 409 930 458 (v.
963 407 1008 462 4)
1054 405 1112 449 ad
1155 405 1547 464 comparationem
1589 405 1737 451 solam

66 469 244 512 ertinet.
308 464 568 511 Commode
616 465 736 509 enim
781 465 1056 522 naufragus,
1099 464 1176 522 qui
1214 464 1348 508 undis
1380 465 1663 522 defatigatus
1694 465 1738 509 in

49 525 138 571 itus
179 525 354 570 eiectus
395 533 488 576 est,
533 533 581 569 ut
625 524 750 568 iuxta
791 532 969 569 aestum
1013 523 1239 568 letiferum
1282 523 1441 577 iaceat,
1483 524 1545 568 »in
1579 524 1740 569 mortis

33 584 206 630 limine«
238 584 416 629 versari
449 583 627 628 dicitur.
687 583 841 642 Ipsam
874 591 1027 628 autem
1060 583 1191 628 amici
1226 582 1367 627 vitam
1399 582 1443 627 in
1477 583 1739 628 discrimine

33 643 176 690 fuisse
225 643 331 688 inde
378 643 738 702 haudquaquam
787 642 1154 687 concludendum
1199 650 1283 687 est.
1347 641 1563 695 Accedit,
1612 643 1739 701 quod

36 702 205 748 Catulli
247 703 392 748 verba
434 702 585 760 magis
627 703 684 747 ad
728 702 914 760 aliquod
952 701 1089 746 animi
1130 701 1346 746 damnum
1381 716 1519 759 quarn
1552 702 1612 746 ad
1645 717 1737 746 cor-

66 762 159 807 oris
206 762 393 807 dolores
441 770 656 820 spectare
703 761 974 818 videntur.1)
1038 760 1158 805 Nam
1205 760 1381 805 amicus
1427 760 1617 818 fingitur
1656 776 1741 820 per

51 821 247 866 acrimas
280 820 500 875 scribens,
535 829 713 865 maesto
746 821 898 865 animo
931 828 1091 865 noctes
1121 820 1419 879 pervigilans,
1452 820 1659 865 remedia
1683 821 1740 865 ad

34 880 171 926 animi
222 880 554 925 recreationem
607 895 795 938 rogans.
871 879 959 924 His
1010 880 1224 924 omnibus
1276 879 1417 936 igitur
1468 878 1740 924 Schoelli

32 940 293 999 opinionem
326 955 518 998 pravam
552 954 658 984 esse
689 940 1045 984 demonstratur.

176 1021 258 1067 Sin
307 1031 460 1068 autem
503 1031 570 1067 tot
613 1022 739 1067 viros
786 1023 949 1067 doctos
995 1022 1040 1066 in
1082 1037 1266 1066 errores
1307 1030 1468 1081 raptos
1500 1037 1606 1067 esse
1640 1037 1741 1066 con-

34 1081 316 1136 sideramus,
357 1083 545 1141 paulum
586 1083 742 1135 abest,
786 1082 893 1139 quin
935 1081 1120 1125 omnino
1162 1096 1247 1125 nos
1279 1090 1455 1126 certum
1489 1081 1739 1139 quidquam

34 1140 320 1199 investigare
372 1157 513 1200 posse
566 1142 871 1200 desperemus
933 1141 990 1184 ad
1043 1140 1308 1199 exemplum
1361 1140 1448 1185 Ho
1467 1140 1742 1185 erschel-

34 1201 222 1245 manni
256 1203 316 1260 (p.
350 1203 452 1258 6)2),
506 1200 722 1258 Magni
754 1200 947 1257 (»Fleck.
980 1199 1112 1256 J.-B.«
1160 1200 1272 1258 1877
1305 1215 1348 1258 p.
1380 1201 1500 1259 416),
1555 1199 1741 1244 Riesii

33 1261 94 1318 (p.
127 1275 216 1304 220
263 1261 320 1304 ad
360 1275 402 1304 v.
436 1267 495 1317 4),
544 1259 779 1304 Weberi
826 1262 887 1318 (p.
926 1261 1039 1318 105).
1109 1259 1263 1304 Unum
1310 1259 1495 1316 quidem
1545 1259 1741 1303 scimus:

34 1319 160 1363 Malli
203 1319 411 1364 dolorem
458 1334 595 1364 casu
638 1319 839 1377 quodam
881 1318 1004 1363 fatali
1047 1318 1281 1376 (»fortuna«
1320 1334 1361 1362 v.
1408 1321 1449 1371 Ι)
1491 1318 1741 1363 excitatum

33 1393 141 1423 esse
186 1378 454 1436 (Magnus
498 1378 541 1422 in
582 1378 757 1422 »Fleck.
790 1378 925 1434 J.-B.«
974 1379 1088 1436 1875
1125 1393 1169 1436 p.
1201 1378 1286 1436 851
1323 1386 1369 1422 et
1404 1378 1515 1436 1877
1548 1393 1591 1436 p.
1624 1379 1741 1436 416).

34 1436 200 1496 Neque
243 1439 330 1482 hoc
363 1437 655 1482 infortunium
688 1452 872 1494 grave
902 1436 1046 1482 fuisse
1078 1445 1222 1494 neget
1253 1437 1496 1495 quisquam
1529 1437 1599 1491 (cf.
1633 1453 1676 1481 v.
1716 1452 1735 1481 1

33 1511 163 1542 »casu
196 1498 441 1553 acerbo«3);
476 1513 519 1541 v.
552 1512 580 1541 2
611 1496 849 1541 »lacrimis«
859 1512 870 1549 ;
912 1496 1141 1554 naufragii
1172 1496 1530 1555 descriptionem
1564 1496 1741 1541 tristem

34 1572 109 1600 vv.
133 1557 266 1614 3l4l).
311 1556 432 1600 Nam
464 1556 588 1614 quod
614 1555 827 1600 Catullus
858 1555 1019 1614 paucis
1041 1557 1257 1600 verslbus
1278 1555 1411 1600 amici
1434 1556 1741 1600 calamitatem

34 1615 199 1672 attigit,
233 1615 338 1659 huic
371 1615 572 1674 opinioni
606 1630 695 1659 non
727 1623 971 1673 repugnat.
1031 1615 1137 1674 Ipse
1170 1615 1291 1659 enim
1324 1614 1612 1660 tristissimus
1646 1624 1744 1660 erat

33 1682 185 1734 poeta,
230 1683 280 1718 ut
321 1674 538 1733 propriae
569 1674 780 1719 fortunae
814 1689 953 1719 sensu
988 1674 1168 1719 alienae
1200 1673 1474 1719 infelicitatis
1506 1673 1743 1719 miseratio

32 1733 374 1792 reprimeretur.
425 1733 612 1778 Censeo
635 1741 790 1778 autern
816 1732 987 1778 Catulli
1010 1734 1068 1778 de
1091 1733 1224 1778 amici
1247 1748 1358 1778 casu
1380 1733 1612 1778 silentium
1636 1749 1741 1778 cum

37 1792 170 1837 huius
213 1807 348 1838 casus
390 1792 734 1837 condicionibus
766 1792 879 1851 ipsis
912 1793 1179 1837 cohaerere.
1243 1792 1362 1837 Nam
1396 1793 1434 1838 si
1466 1793 1594 1837 Malli
1626 1793 1743 1838 cala-

34 1851 239 1897 mitatem
286 1852 616 1897 immutabilem
648 1852 790 1897 fuisse
838 1852 996 1909 ponis,
1045 1851 1302 1911 intellegis,
1347 1868 1429 1897 cur
1469 1861 1607 1911 poeta
1648 1861 1739 1897 tam

36 1911 208 1969 exigua
239 1913 384 1956 verba
417 1912 475 1956 de
508 1927 563 1956 ea
594 1911 766 1956 fecerit.
820 1911 872 1957 Si
906 1911 1026 1956 enim
1066 1912 1124 1956 de
1164 1927 1275 1956 casu
1309 1912 1558 1971 desperato
1602 1913 1743 1970 longe

34 1970 219 2037 lateque
250 1971 432 2015 locutus
464 1979 602 2024 esset,
636 1971 697 2015 nil
730 1971 975 2025 effecisset,
1009 1970 1095 2015 nisi
1128 1979 1178 2015 ut
1208 1971 1402 2016 vulnera
1434 1971 1566 2016 amici
1589 1971 1742 2016 denuo

34 2030 334 2074 rescmderet.
378 2029 501 2085 Quia
523 2038 677 2074 autem
700 2030 780 2083 eis,
814 2045 935 2088 quae
967 2030 1118 2075 adhuc
1150 2031 1421 2083 invenimus,
1456 2030 1594 2088 quale
1616 2030 1742 2075 Malli

36 2087 329 2133 infortunium
350 2089 497 2143 fuerit,
522 2089 723 2133 nondum
747 2089 860 2134 satis
882 2089 1177 2147 intellegitur,
1211 2090 1362 2134 illud
1396 2090 1741 2148 exemplum,

35 2163 129 2206 quo
164 2146 378 2192 Catullus
423 2149 481 2192 ad
526 2148 878 2193 describendam
923 2148 1055 2193 amici
1096 2149 1325 2193 miseriam
1370 2164 1482 2193 usus
1521 2158 1614 2203 est,
1658 2165 1743 2194 nos

36 2206 264 2266 inspicere
297 2222 415 2266 opus
449 2216 532 2252 est.
591 2207 750 2265 Atque
783 2223 842 2252 ex
874 2208 975 2267 ipsa
1006 2208 1234 2265 naufragii
1265 2208 1473 2266 imagine
1499 2209 1607 2253 nihil
1640 2225 1742 2253 con-

35 2266 226 2311 cludere
257 2281 519 2325 possumuS,
554 2267 661 2325 quia
693 2283 748 2311 ea
782 2268 840 2312 ad
873 2267 1027 2312 varias
1058 2267 1268 2312 fortunae
1302 2269 1530 2312 adversae
1561 2269 1743 2327 species

35 2325 358 2384 depingendas
400 2325 657 2371 adhibetur.
726 2327 866 2371 Velut
912 2326 1079 2371 Cicero
1120 2327 1308 2386 saepius
1353 2327 1410 2371 de
1457 2327 1742 2372 fortunarum

35 2385 280 2429 eversione
315 2385 509 2443 loquens
542 2385 619 2429 illo
653 2387 869 2444 exemplo
902 2386 1044 2430 utitur
1077 2388 1179 2445 (pro
1203 2386 1333 2431 Sulla
1370 2401 1445 2443 14:
1478 2395 1547 2430 »ut
1579 2387 1743 2444 aliquis

37 2443 296 2502 patrimonii
314 2444 587 2502 naufragus«
595 2462 606 2499 ;
632 2443 734 2489 Cat.
758 2445 878 2500 1s12:
902 2445 1204 2502 »naufragos«,
1228 2445 1368 2501 11s11:
1392 2446 1742 2503 »naufragorum

38 2501 231 2547 eiectam
250 2518 304 2547 ac
321 2503 603 2547 debilitatam
622 2518 826 2548 manum«
844 2505 962 2561 etc.),
979 2503 1178 2549 Ovidius
1195 2505 1254 2549 de
1269 2504 1407 2549 exilio
1420 2520 1506 2550 suo
1521 2505 1741 2560 (cf.Trist.

38 2560 187 2620 115136
212 2570 258 2607 et
278 2561 487 2620 Vl9l17);
521 2562 729 2607 similiter
751 2578 959 2608 amorum
982 2564 1186 2622 pericula
1208 2563 1532 2608 describuntur
1554 2565 1625 2622 (cf.
1650 2564 1743 2609 Ov.

184 2703 209 2750 ¹)
236 2705 280 2741 cs.
308 2705 663 2742 Hoerschelm.
691 2718 727 2752 p.
752 2708 786 2742 6.

182 2762 208 2809 ²)
226 2764 272 2801 cf.
292 2764 329 2800 H
342 2777 365 2800 o
377 2777 399 2801 e
410 2777 458 2801 rs
469 2765 524 2801 ch
537 2778 559 2801 e
571 2766 581 2801 l
592 2777 640 2801 m.
662 2778 697 2812 p.
712 2768 754 2802 6:
777 2766 886 2802 »wir
901 2772 1062 2803 mussen
1080 2779 1124 2803 es
1143 2767 1247 2803 offen
1262 2767 1481 2813 bekennen,
1500 2768 1574 2803 wir
1587 2767 1743 2803 kennen

37 2811 111 2847 das
138 2811 320 2858 Unglflck
353 2813 426 2848 des
452 2812 654 2849 Freundes
689 2825 712 2849 n
729 2813 846 2850 icht.
896 2814 1029 2850 Wenn
1064 2826 1107 2850 es
1134 2814 1259 2850 Catull
1286 2815 1391 2850 nieht
1416 2815 1561 2851 beliebt
1587 2815 1666 2859 hat,
1699 2827 1743 2850 es

38 2869 114 2893 uns
139 2858 393 2903 mitzuteilen,
418 2861 577 2896 werden
605 2860 679 2896 wir
696 2872 750 2905 es,
777 2862 882 2897 ohne
899 2862 962 2897 die
980 2862 1110 2898 Toten
1128 2874 1176 2898 zu
1194 2862 1398 2908 befragen,
1424 2862 1531 2898 nicht
1548 2869 1740 2898 erraten.«

18 2915 220 3000 ‘incendgg
237 2917 386 2954 Eadem
414 2918 497 2954 fere
522 2920 645 2956 verba
672 2919 771 2965 legis
797 2921 903 2966 apud
923 2921 1139 2967 Vergilium
1167 2921 1206 2957 in
1232 2922 1333 2958 Aen.
1357 2921 1482 2968 Vl700
1507 2922 1556 2957 de
1581 2922 1741 2957 navium

1556 3029 1600 3063 2*
