1942 3380
752 251 1038 295 -33-

193 361 354 417 Quare
387 362 461 406 alii
502 364 691 410 facetius
733 382 940 411 »munera
974 366 1185 412 Veneris«.
1219 370 1279 413 ita
1311 369 1595 429 interpretati
1627 380 1746 428 sunt,

49 429 100 466 ut
128 429 317 479 poetam
344 433 657 480 proponerent
680 426 826 470 amico
859 427 1293 472 meretriculam
1326 429 1579 487 aliquam
1613 445 1748 474 eom-

49 480 327 524 mendare
360 480 579 526 debuisse
611 484 755 539 (velut
787 485 949 530 Ellis.
984 485 1027 529 in
1061 501 1223 530 comm.
1258 488 1315 531 ad
1349 502 1389 531 v.
1422 495 1530 545 9s10
1596 526 1603 533 .
1637 503 1747 547 3223

49 538 264 584 inclinant
296 539 355 583 ad
388 540 506 585 hanc
538 541 797 600 opinionem
831 543 1075 603 Magnus
1107 545 1150 588 in
1183 545 1254 589 »Z.
1287 545 1313 590 f.
1348 546 1389 589 d.
1425 546 1500 591 G.-
1572 568 1601 591 .«
1637 548 1752 606 1878

0 602 94 658 ἕρ.
127 599 216 656 496
247 607 399 643 annot.
434 608 480 644 et
512 600 772 647 Monsius
804 618 845 661 p.
885 610 968 659 11).
1009 602 1106 648 Sed
1129 605 1214 648 hoc
1238 619 1422 663 quoque
1440 605 1749 651 dubitationes

0 659 4 690 ἓ
50 665 308 702 moventur.
358 657 395 701 F
398 673 450 702 ac
484 659 602 703 enim
628 660 861 706 Catullum
894 678 978 720 pro
1011 663 1158 707 amico
1180 663 1356 708 litteras
1379 665 1436 708 ad
1459 665 1747 710 meretricem

0 726 3 766 ὲ
53 716 172 762 illius
218 715 363 775 ipsius
411 718 588 776 oppidi,
638 720 679 763 in
727 735 818 778 quo
864 722 1047 765 Mallius
1090 723 1365 766 versabatur
1409 724 1482 779 (—
1514 739 1665 782 neque
1712 725 1750 768 is

0 784 3 829 ζ
51 775 229 820 Romae
271 777 392 820 erat!
437 778 488 821 cf.
529 793 572 836 p.
605 794 661 837 47
695 784 790 835 —),
837 781 1047 825 dedisse:
1093 780 1198 825 inde
1244 781 1442 825 animum
1491 782 1750 828 inducimus

54 834 239 880 Catullo
272 835 391 879 illius
419 837 575 895 oppidi
599 839 781 896 puellas
802 839 974 897 optime
996 848 1129 883 notas
1151 840 1305 892 fuisse,
1339 841 1462 899 quod
1484 841 1751 886 incredibile

51 909 267 949 censeas,
310 910 414 939 cum
455 904 593 954 poeta
627 897 751 941 Malli
795 899 1005 957 »hospes«
1036 901 1096 955 (v.
1136 899 1206 954 12)
1238 899 1373 944 fuerit
1405 908 1543 958 atque
1575 900 1617 944 in
1651 901 1752 945 eius

51 953 200 1013 patria
239 969 347 998 raro
389 964 595 999 moratus
628 971 735 1001 esse
767 957 990 1002 videatur.
1054 957 1150 1002 Aut
1181 958 1251 1002 fac
1287 957 1519 1002 Catullum
1553 958 1749 1004 Romam

0 1024 2 1027 ‘
51 1012 294 1071 scripsisse
339 1014 396 1057 ad
439 1014 573 1059 huius
620 1015 747 1060 urbis
791 1017 988 1074 puellam
1022 1017 1270 1074 quandam,
1313 1026 1362 1061 ut
1404 1017 1560 1062 Mallio
1605 1018 1751 1063 amica

50 1072 196 1126 fieret,
231 1072 308 1130 qui
341 1072 447 1118 alibi
479 1074 756 1118 domicilium
791 1076 1010 1120 habebat:
1054 1076 1144 1119 tale
1175 1075 1372 1120 officium
1406 1076 1588 1133 longius
1620 1077 1752 1122 vides

51 1131 207 1184 fuisse,
242 1147 378 1189 quam
413 1134 536 1190 quod
559 1133 716 1178 Mallio
739 1134 840 1178 usui
864 1150 969 1179 esse
991 1143 1163 1192 posset.
1209 1134 1442 1187 Ceterum,
1476 1135 1514 1179 si
1539 1135 1750 1180 Catullus

52 1190 246 1235 amicam
280 1193 606 1237 commendare
638 1194 808 1247 debuit,
843 1209 931 1237 non
964 1193 1257 1251 intellegitur,
1301 1209 1383 1238 cur
1416 1193 1625 1239 Catullus
1658 1203 1748 1239 tam

52 1249 300 1307 diligenter
345 1251 463 1295 sibi
512 1251 624 1310 ipsi
673 1252 844 1297 amoris
890 1253 1041 1297 studia
1087 1252 1130 1296 in
1176 1268 1397 1310 praesens
1445 1262 1627 1311 tempus
1658 1269 1748 1298 non

52 1310 239 1368 placere
272 1309 542 1367 profiteatur
565 1311 633 1364 (cf.
659 1327 729 1355 vv.
758 1314 958 1370 15—32),
993 1326 1094 1356 curn
1117 1311 1340 1364 facillime,
1375 1312 1586 1369 quamvis
1609 1312 1751 1357 tristis

53 1377 191 1423 esset,
225 1368 383 1413 Mallio
431 1370 623 1414 amicam
669 1386 752 1429 per
793 1371 969 1415 litteras
1013 1371 1336 1415 commendare
1368 1379 1540 1429 posset,
1583 1371 1657 1426 ita,
1705 1380 1752 1416 ut

52 1427 153 1486 ipse
200 1429 257 1472 ab
307 1428 532 1473 eiusmodi
580 1429 756 1474 lusibus
803 1438 898 1474 tum
947 1430 1104 1488 procul
1155 1430 1341 1474 abesset
1382 1429 1581 1485 (Harn.
1624 1445 1668 1488 p.
1703 1445 1750 1488 7;

53 1486 336 1532 Hoersch.
371 1503 413 1546 p.
446 1489 508 1546 9).

194 1570 282 1615 Ho
298 1571 787 1615 erschelmannus
811 1572 1024 1628 denique,
1050 1571 1138 1629 qui,
1163 1585 1440 1628 quamquam
1460 1570 1749 1616 libidinosum

52 1644 239 1674 sensum
275 1629 395 1674 illius
426 1645 637 1675 »munera
669 1630 886 1674 Veneris«
916 1632 1036 1674 bene
1068 1631 1370 1683 observabat,
1417 1638 1568 1674 tamen
1610 1629 1751 1675 Doe-

53 1688 233 1745 ringii
279 1697 365 1733 etc.
408 1689 608 1747 opinioni
655 1690 731 1734 illa
764 1691 908 1734 verba
942 1689 1000 1732 ad
1033 1687 1234 1733 carmina
1274 1688 1495 1732 amatoria
1539 1697 1750 1747 spectare

53 1747 341 1802 inhaerebat,
396 1749 555 1793 statuit
602 1750 663 1807 (p.
716 1750 786 1805 11)
835 1748 1039 1792 Mallium
1087 1763 1114 1792 a
1163 1746 1348 1792 Catullo
1394 1748 1658 1804 rogavisse,
1704 1756 1750 1791 ut

54 1822 214 1852 eorum
263 1822 528 1862 munerum,
578 1822 698 1865 quae
746 1807 906 1866 ipsil)
940 1807 1100 1851 Venus
1140 1807 1355 1859 donaret,
1400 1821 1451 1851 se
1484 1806 1751 1864 participem

54 1865 227 1910 faceret
249 1865 324 1920 ita,
347 1874 403 1910 ut
434 1867 554 1925 ipse
586 1882 774 1911 novos
808 1881 1038 1911 amores
1069 1866 1407 1923 susciperet
1440 1880 1753 1923 eorumque

55 1925 458 1970 narrationem
493 1925 770 1970 mitteret.
835 1925 931 1970 Sed
965 1934 1075 1983 puto
1109 1924 1332 1968 eiusmodi
1364 1924 1569 1968 solamen
1602 1923 1752 1968 serius

54 1983 212 2029 Mallio
230 1993 474 2029 venturum
497 1984 653 2041 fuisse,
677 1985 716 2029 si
736 1983 949 2029 Catullus
970 1983 1166 2042 primum
1189 1983 1289 2041 ipse
1307 1997 1489 2027 amores
1507 1998 1749 2040 peragere,
1786 2012 1789 2014 »

55 2052 150 2088 tum
196 2043 332 2088 etiam
367 2044 633 2088 describere
666 2040 848 2088 debuit!
914 2043 1078 2100 Neque
1112 2043 1225 2087 haec
1258 2041 1501 2086 artificiosa
1533 2041 1751 2100 cogitatio

54 2102 66 2147 i
103 2102 167 2147 sis
217 2102 375 2147 verbis
432 2111 539 2161 apta
590 2111 672 2147 est.
778 2102 895 2146 Nam
943 2103 981 2146 si
1025 2116 1234 2146 »munera
1298 2099 1509 2145 Veneris«
1571 2115 1754 2144 amores

57 2118 229 2206 Catulli
271 2170 398 2216 sunt,
442 2162 500 2206 de
543 2177 702 2206 eorum
748 2161 1056 2219 descriptione
1100 2160 1242 2218 petita
1274 2159 1380 2203 nihil
1414 2159 1660 2203 indicatum
1692 2159 1752 2203 in-

55 2220 260 2276 venitur;
307 2220 376 2265 sin
421 2229 573 2265 autem
620 2221 724 2265 illae
757 2235 898 2264 voces
932 2234 1138 2264 amorum
1171 2217 1525 2276 descriptionem
1568 2245 1612 2250 —
1648 2226 1753 2276 poe-

55 2279 191 2324 ticam
224 2279 437 2324 nimirum
471 2307 525 2311 —
558 2280 818 2337 designant,
852 2279 971 2323 idem
1006 2293 1135 2322 error
1169 2276 1360 2330 exsistit,
1395 2291 1530 2335 quem
1565 2276 1652 2320 iam
1685 2291 1745 2320 re-

54 2338 275 2384 fellimus:
309 2355 518 2383 »munera
538 2338 750 2383 Veneris«
783 2338 983 2383 carmina
1017 2336 1237 2381 amatoria
1270 2350 1375 2380 esse
1389 2339 1437 2391 2).
1504 2335 1751 2379 Praeterea

56 2397 114 2443 H.
147 2397 248 2456 ipse
280 2400 342 2457 (p.
380 2401 449 2455 11)
483 2398 693 2442 concedit
725 2398 803 2442 tali
836 2411 1047 2450 munere,
1092 2395 1227 2453 quale
1259 2394 1358 2453 ipse
1390 2394 1624 2448 intellexit,
1669 2393 1754 2438 Ca-

56 2457 219 2501 tullum
252 2457 408 2501 Mallio
441 2472 508 2510 ea,
544 2472 663 2515 quae
687 2472 796 2501 vere
819 2463 1075 2514 optaverat,
1110 2453 1279 2498 amoris
1302 2452 1473 2518 gaudia
1495 2452 1593 2511 ipsa
1616 2461 1754 2510 atque

56 2531 147 2561 una
179 2531 282 2561 cum
317 2520 383 2560 eis
415 2531 626 2560 somnum
660 2520 749 2570 (vv.
780 2516 888 2573 5l6),
923 2514 1127 2558 tribuere
1161 2527 1250 2557 non
1283 2520 1503 2570 potuisse.

200 2575 296 2620 Sed
320 2590 600 2634 quamquam
623 2575 681 2619 H.
706 2575 793 2618 hoc
816 2573 1007 2618 artificio
1032 2572 1103 2630 (cf.
1126 2571 1397 2616 Skutsch.
1422 2570 1465 2614 in
1487 2569 1593 2614 »Rh.
1618 2570 1756 2614 Musa<

61 2634 174 2693 1892
206 2650 248 2694 p.
284 2635 383 2692 146)
423 2649 450 2678 a
481 2642 608 2679 recta
640 2633 715 2678 via
756 2632 1007 2685 aberravit,
1050 2639 1202 2675 tamen
1236 2630 1279 2674 in
1311 2645 1354 2688 p.
1387 2643 1416 2686 9
1448 2637 1494 2673 et
1530 2644 1582 2673 10
1614 2643 1753 2673 unum

205 2777 231 2822 ¹)
258 2778 338 2814 Alii
363 2784 696 2814 commentatores
716 2776 909 2812 Catullum
940 2785 1166 2810 »munerum
1185 2771 1388 2816 Veneris«,
1415 2782 1516 2817 quae
1535 2769 1756 2806 hominibus

58 2824 144 2861 fieri
169 2832 347 2872 possunt,
373 2825 504 2862 Mallio
531 2824 821 2862 conciliatorem
848 2834 938 2859 esse
964 2821 1148 2858 debuisse
1173 2820 1460 2866 proponebant.

205 2883 232 2929 ⁸)
258 2884 360 2921 Dicit
378 2884 586 2930 Catullum,
612 2891 653 2920 ut
672 2882 840 2919 Ovidius
857 2892 1037 2917 amorum
1068 2890 1228 2916 suorum
1254 2877 1557 2931 descriptionem
1584 2874 1756 2929 breviter

61 2930 277 2968 »Amores«
315 2931 593 2979 appellaverit,
628 2931 682 2966 ita
720 2941 882 2966 suorum
922 2928 1154 2974 gaudiorum
1194 2932 1441 2962 narrationes
1479 2923 1755 2969 compendiose

62 2989 249 3015 »munera
274 2978 465 3016 Veneris«
494 2979 625 3015 dicere
651 2977 840 3023 potuisse.

1500 3040 1523 3074 3
