1942 3380
922 313 1207 355 „24-

231 433 312 476 sed
356 431 475 489 quod
517 442 752 473 somnus
792 442 842 471 se
888 425 1102 470 deficeret
1117 428 1160 478 s),
1204 439 1339 483 quem
1381 424 1549 469 amoris
1588 423 1767 489 gaudiis
1806 437 1895 467 non

232 497 385 548 posset
424 488 664 531 adducere.
728 484 873 542 Ipsius
916 483 1033 528 enim
1076 482 1208 527 animi
1250 482 1400 527 taedio
1441 482 1793 541 impediebatur,
1839 495 1897 526 ne

233 548 410 591 mollem
443 559 649 589 somnum
683 542 874 587 Veneris
907 541 1215 599 voluptatibus
1246 540 1330 585 sibi
1362 548 1556 599 pararet.
1606 541 1762 598 Atque
1793 553 1894 583 cum

232 606 315 648 hoc
357 602 487 647 animi
534 601 759 646 fastidium
802 600 1040 643 molestum
1117 613 1167 643 er
1209 613 1261 643 se
1293 598 1391 657 ipse
1422 612 1643 656 superare
1674 597 1892 655 nequiret,

231 662 334 720 quia
364 661 521 705 dolore
553 659 755 717 graviter
785 665 1038 702 commotus
1102 656 1261 701 ebilior
1301 665 1420 709 erat,
1462 671 1596 714 quam
1638 655 1714 714 qui
1756 669 1808 699 se
1851 655 1896 699 in
1941 691 1942 694 ,

232 720 494 764 vincendam
528 717 834 761 morositatem
867 715 1114 771 colligeret,
1147 714 1315 771 amico,
1357 729 1476 772 quae
1502 722 1747 772 pateretur,
1791 727 1897 771 que·
1941 731 1942 734 ¹

231 786 329 821 stus
360 784 443 821 est.

370 846 420 889 Il.
453 844 794 902 Aggrediamur
841 842 1004 886 deinde
1036 842 1093 886 ad
1125 841 1392 900 posterioris
1424 840 1602 886 distichi
1635 839 1896 898 disputatio·
1939 849 1942 851 “

232 905 355 947 nem!
417 902 616 946 Mallium
659 915 863 945 somnum
912 915 1078 958 capere
1120 915 1208 944 non
1252 899 1454 958 potuisse
1496 898 1778 952 audivimus,
1821 897 1896 956 qui
1939 909 1942 927 ³

231 970 374 1005 status
396 961 528 1004 etiam
562 958 859 1003 miserabilior
889 958 1033 1002 factus
1065 966 1135 1002 est
1167 973 1236 1011 eo,
1270 958 1392 1015 quod
1423 956 1693 1002 insomnium
1724 956 1897 1000 amicus

231 1019 396 1077 scripta
419 1017 686 1062 delectantia
709 1016 906 1118 le{2endo
924 1017 1123 1060 allevare
1145 1031 1234 1061 non
1288 1023 1435 1060 oterat
1457 1014 1749 1069 (›>minuentur
1770 1022 1897 1058 atrae

231 1077 427 1120 carmine
448 1090 601 1119 curae·
625 1075 735 1119 Hor.
803 1089 910 1118 arm.
945 1073 1192 1132 lVs11l35).
1283 1089 1354 1118 am
1377 1073 1636 1131 depingitur
1656 1073 1708 1126 is,
1736 1086 1896 1130 quem:

426 1160 525 1188 =>nec
558 1154 761 1188 veterum
794 1143 912 1187 dulci
945 1143 1213 1202 scriptorum
1246 1143 1443 1188 carmine
1475 1145 1677 1199 musae2)

426 1203 664 1255 oblectant,
698 1217 798 1246 cum
833 1216 962 1246 mens
993 1202 1126 1246 anxia
1157 1201 1431 1260 pervigilat«.

370 1284 415 1327 ln
453 1283 521 1327 his
562 1298 744 1340 quoque
776 1283 984 1328 versibus
1016 1283 1229 1327 nonnulla
1261 1282 1397 1326 dubia
1418 1289 1534 1326 sunt.
1568 1281 1767 1326 Primum
1791 1281 1898 1346 quid

231 1342 315 1386 sibi
356 1343 510 1385 volunt
554 1342 613 1385 illi
645 1350 846 1385 »veteres
876 1341 1175 1399 scriptores«?
1235 1340 1294 1384 Hi
1359 1340 1509 1384 uidem
1541 1339 1611 1394 (cf.
1646 1339 1900 1384 Ben01st.-

232 1400 476 1443 Thomas.
519 1414 679 1443 comm.
724 1399 794 1443 ad.
834 1414 874 1443 v.
910 1402 969 1456 7.)
1012 1400 1072 1443 ita
1114 1399 1290 1458 priscos
1380 1412 1689 1443 omanorum
1736 1405 1899 1456 poetas

232 1458 354 1501 velut
395 1457 640 1510 Naevium,
689 1457 902 1509 Ennium,
945 1457 1164 1501 Lucilium
1208 1455 1429 1515 appellari
1475 1455 1686 1500 dicebant
1722 1482 1794 1509 —,
1837 1455 1900 1499 illi

232 1515 499 1573 ‹Vulpius
531 1531 573 1573 p.
605 1516 715 1573 338;
759 1513 1071 1560 Schulzius
1102 1515 1145 1559 in
1178 1515 1284 1559 diss.
1319 1530 1361 1573 p.
1399 1529 1416 1558 1
1482 1529 1605 1571 sqq.;
1652 1513 1901 1558 Ellisius

233 1575 272 1616 in
296 1588 456 1617 comm.
479 1574 536 1616 ad
559 1589 599 1617 v,
624 1588 649 1630 7
671 1589 712 1631 p.
736 1587 843 1630 322;
877 1573 1115 1630 Magnus
1147 1573 1189 1617 in
1222 1573 1395 1617 ›>Fleck.
1418 1528 1548 1628 J-Bss
1578 1573 1687 1630 1877
1754 1606 1764 1615 .
1796 1572 1901 1630 416)

232 1632 319 1676 anti
356 1646 439 1675 uos
471 1630 826 1675 Graecorum
866 1632 1113 1689 scriptores
1153 1632 1226 1675 vel
1268 1639 1428 1696 poetas
1461 1587 1900 1674 Alexanssrinos

232 1690 303 1737 (cf.
324 1646 592 1733 (iziesium
627 1705 667 1747 p.
691 1691 807 1745 220).
847 1689 1069 1746 Equidem
1100 1713 1140 1719 —
1168 1689 1207 1733 si
1239 1689 1495 1747 disceptare
1526 1703 1719 1733 necesse
1750 1696 1821 1737 est
1844 1714 1898 1721 —

233 1747 380 1790 malim
424 1756 606 1791 veteres
651 1748 898 1804 scriptores
932 1747 1192 1792 Graecos
1239 1746 1574 1803 intellegendos
1606 1761 1734 1799 esse,
1776 1746 1898 1804 quod

233 1804 306 1857 illi,
339 1805 412 1869 qui
447 1804 612 1848 Catulli
643 1805 752 1849 socii
784 1814 1127 1863 sectatoresque
1165 1813 1312 1858 erant,
1359 1805 1548 1849 iuvenes
1588 1805 1687 1849 sola
1718 1803 1901 1848 Graeca

232 1877 429 1906 carmina
452 1862 589 1919 digna
611 1877 727 1916 esse,
751 1878 869 1919 quae
886 1863 1161 1920 legerentur,
1184 1863 1444 1916 censebant,
1468 1862 1619 1920 prisca
1636 1862 1899 1906 Latinorum

233 1920 399 1978 scripta
431 1929 478 1963 ut
509 1920 676 1964 rustica
708 1921 898 1965 infaceta
935 1936 991 1965 ue
1023 1929 1376 1966 contemnentes.
1439 1919 1534 1966 Sed
1563 1928 1653 1964 tam
1676 1920 1901 1966 subtiliter

233 1978 348 2021 inter
379 1987 558 2022 veteres
592 1977 798 2023 Graecos
836 1988 880 2023 et
951 1979 1096 2024 atinos
1127 1979 1375 2038 scriptores
1406 1978 1688 2036 distinguere
1720 1979 1900 2023 minime

233 2052 259 2079 e
291 2036 413 2079 Malli
460 2037 532 2080 vel
567 2036 733 2080 Catulli
775 2037 961 2081 consilio
1001 2037 1141 2082 fuisse
1182 2045 1306 2096 puto.
1369 2037 1591 2081 Videntur
1641 2036 1759 2081 enim
1793 2037 1901 2081 mihi

238 2102 433 2138 veteres
473 2095 733 2152 scriptoresn
766 2095 808 2138 in
841 2095 1102 2140 universum
1135 2095 1175 2140 ei
1207 2095 1316 2149 dici,
1349 2110 1540 2152 quorum
1573 2110 1600 2139 o
1636 2110 1715 2139 era
1746 2085 1901 2139 Mallio

234 2152 319 2195 iam
362 2152 533 2209 pridem
573 2156 720 2208 notass)
764 2168 996 2211 saepeque
1043 2162 1224 2198 versata
1272 2162 1421 2208 erant,
1472 2153 1570 2198 sive
1603 2110 1759 2198 {atini
1803 2154 1902 2198 sive

235 2209 413 2254 Graeci.
485 2210 586 2254 Hoc
643 2220 791 2255 autem
842 2220 1011 2256 statuto
1064 2212 1163 2270 ipso
1214 2211 1439 2269 sequitur,
1492 2211 1600 2269 quid
1651 2211 1709 2255 de
1759 2212 1902 2256 altera

233 2268 517 2325 quaestione,
558 2283 637 2312 cur
670 2268 850 2314 Mallius
881 2270 1131 2314 »veteribus
1162 2269 1479 2327 scriptoribus«
1511 2284 1599 2312 non
1631 2269 1900 2322 oblectetur,

234 2325 438 2370 iudicem.
473 2325 731 2371 Weisius
763 2327 879 2371 enim
914 2330 996 2386 (pr.
1028 2328 1138 2384 1869
1202 2363 1210 2372 .
1242 2332 1286 2384 9)
1319 2335 1365 2372 et
1395 2326 1743 2372 Schulzius
1775 2328 1900 2378 (diss.

235 2398 275 2439 p.
304 2384 356 2426 18
376 2388 492 2441 sqq.)
525 2393 568 2428 et
601 2384 687 2429 Ma
745 2400 846 2429 nus
878 2386 938 2438 (in
959 2385 1132 2430 »Fleck.
1155 2343 1271 2442 s-B«
1298 2386 1406 2443 1877
1438 2400 1480 2443 p.
1503 2386 1607 2443 416)
1629 2393 1675 2429 et
1698 2385 1901 2430 Birtius

233 2454 292 2504 gp.
325 2442 370 2496 6)
410 2442 650 2486 voluerunt
691 2400 858 2487 gatulli
899 2444 1091 2488 amicum
1132 2443 1330 2488 animum
1370 2458 1453 2502 per
1492 2443 1671 2500 vigilias
1703 2443 1902 2500 legendo

234 2499 336 2543 ideo
366 2500 597 2544 oblectare
627 2516 714 2544 non
747 2502 962 2559 potuisse,
995 2503 1099 2560 quia
1130 2502 1254 2546 illum
1286 2510 1488 2547 »veteres
1515 2501 1781 2560 scriptores«
1811 2517 1902 2546 om-

379 2638 402 2682 ¹)
428 2639 471 2675 cs.
506 2640 854 2677 Harncckerum
881 2644 892 2684 (
925 2666 933 2675 .
958 2642 1004 2687 4).
1055 2642 1169 2678 Falso
1194 2642 1402 2688 Magnus
1428 2642 1466 2678 in
1494 2643 1643 2679 »Fleck.
1694 2642 1782 2678 .-B.«
1813 2643 1901 2688 1877

234 2686 370 2767 5.εέἓῖ
389 2686 632 2723 condiciones
657 2688 831 2734 exponit:
861 2704 876 2719 »
919 2700 961 2724 er
978 2688 1007 2724 F
1011 2690 1132 2725 reund
1157 2689 1276 2735 klagt,
1301 2689 1392 2725 dass
1418 2689 1588 2726 Venus
1611 2689 1667 2726 sic
1718 2699 1796 2725 von
1822 2689 1901 2725 ihm

375 2788 401 2832 ²)
427 2789 705 2837 Coniungenda
736 2799 824 2828 sunt
857 2792 986 2838 potius
1017 2794 1139 2828 verba
1167 2799 1362 2830 »veterum
1396 2793 1629 2839 scriptorum
1655 2804 1812 2830 musae‘
1840 2792 1900 2838 (cf.

234 2834 364 2889 Eurip.
398 2835 496 2872 Med.
532 2849 618 2919 ἦν]
658 2843 809 2882 »μοῦσαι
835 2838 1084 2883 παλαιγενέων
1107 2840 1275 2883 ἀοιδᾶν)
1300 2850 1417 2886 quam
1445 2846 1642 2876 »veterum
1668 2839 1901 2886 scriptorum

233 2892 424 2919 carmine·
453 2882 534 2926 (Vu
562 2895 665 2930 plus
690 2895 726 2930 p.
751 2885 844 2930 338).

269 2986 276 2992 .
376 2938 402 2983 ⁸)
429 2940 474 2977 cf.
501 2941 623 2978 Plaut.
650 2942 784 2979 Pseud.
809 2945 898 2989 363:
939 2949 1094 2980 »vetera
1129 2943 1187 2987 (=
1213 2943 1437 2981 iamdudum
1468 2945 1573 2987 nota)
1605 2944 1901 2981 vaticinamini.‹

234 2985 309 3021 Cic.
336 2987 384 3023 ad
411 2987 489 3024 Att.
519 2987 641 3034 vlns3
669 2988 750 3024 »illa
775 2997 908 3025 vetera
934 2989 1145 3026 omittere«.
