1942 3380
744 235 1036 278 -31-

39 359 176 403 quam
209 344 396 404 quidem
429 353 525 389 tum
559 347 722 391 aetatis
745 348 907 393 Musae
930 364 955 393 a
1011 350 1128 394 oetis
1156 350 1358 395 »doctae«
1392 350 1744 395 nominabantur

39 403 109 459 (cf.
135 403 239 449 Cat.
262 403 425 470 {Ossa
459 404 745 471 XXXVl17;
780 407 973 465 Lygd.1
1024 412 1129 468 [45),
1164 409 1270 467 quia
1302 410 1574 468 saepissime
1604 411 1744 454 rebus

39 463 366 529 mythologicls
399 471 444 508 et
475 464 788 511 artifieialibus
820 482 1010 525 operam
1044 469 1156 513 dare
1189 468 1480 521 videbantur;
1525 469 1608 514 sed
1641 468 1743 527 quis

39 531 124 588 est,
172 537 248 582 qul
301 522 407 588 mde
456 524 699 568 concludat
750 525 936 579 Musas,
995 542 1098 571 cum
1151 527 1354 572 »doctae«
1406 527 1590 572 habitae
1642 529 1743 579 sint,

38 582 100 626 nil
148 596 317 626 canere
364 582 450 626 n1si
498 583 633 627 docta
680 585 1018 644 artificiosaque
1066 586 1304 631 carmina?
1378 586 1543 631 Nonne
1590 587 1742 631 omnia

37 649 275 700 poemata,
320 649 366 685 et
405 641 535 687 leves
567 643 737 687 amoris
770 645 983 689 versiculi
1017 654 1063 690 et
1094 659 1268 704 graves
1299 646 1621 703 obscuraeque
1653 646 1741 690 ele-

8 726 18 749 ·ss
38 700 165 758 giae,
215 699 454 745 Musarum
495 701 654 746 »fetus«
695 703 832 748 sunt?
894 704 1055 762 Itaque
1095 704 1231 763 plane
1271 713 1415 759 errat,
1462 704 1740 763 quicumque

0 798 13 803 ,.
39 759 200 804 Musas
232 759 475 804 doctorum
507 769 774 826 poematum
807 770 982 807 tantum
1016 772 1231 808 auctores
1264 763 1604 820 intellegendas
1638 778 1743 808 esse

0 854 4 857 .
39 819 149 873 vult,
182 819 311 863 velut
335 819 733 877 Doerlngius,
768 822 843 880 qui
879 837 1090 867 »munera
1112 822 1370 867 Musarum«
1403 822 1604 867 carmina
1637 837 1742 867 esse

0 891 9 925 ἰ
39 877 160 944 dici-t,
194 877 362 936 quibus
394 878 558 924 Musae
591 880 828 939 adspirent
861 885 920 940 (p.
960 887 1069 939 139),
1103 882 1130 926 i.
1165 897 1203 926 e.
1238 882 1386 935 docta,
1420 897 1631 926 »munera
1656 881 1742 926 Ve-

38 952 179 982 neris«
219 947 374 982 autem
419 938 642 993 carmina,
692 939 857 998 quibus
892 941 1050 985 Venus
1092 940 1318 999 adspiret,
1362 941 1388 986 i.
1433 957 1472 986 e.
1505 940 1740 985 amatoria.

38 996 270 1042 Venerem
318 997 438 1042 enim
484 997 631 1056 ipsam
665 999 866 1043 carmina
898 1000 1120 1044 amatoria
1151 1016 1241 1045 non
1275 1000 1450 1044 donare
1482 998 1623 1059 supra
1655 999 1742 1044 iam

39 1055 267 1122 explicavi
309 1056 379 1114 (cf.
413 1071 493 1116 pg.
526 1060 614 1116 27).
679 1058 958 1103 Perversum
1007 1059 1146 1116 igitur
1188 1059 1325 1104 etiam
1358 1067 1451 1112 est,
1494 1059 1618 1117 quod
1652 1059 1743 1103 Be-

39 1115 320 1160 noistius-
336 1115 462 1160 Tho
479 1116 697 1162 masius
729 1118 964 1176 proponit:
997 1134 1138 1163 »mun.
1162 1117 1379 1163 Veneris«
1400 1118 1602 1163 carmina
1624 1133 1743 1169 esse,

39 1174 205 1232 quibus
252 1174 328 1219 illa
373 1175 461 1220 dea
503 1184 797 1221 venustatem
839 1178 1104 1235 praebuerit
1145 1177 1207 1235 (in
1248 1192 1409 1222 comm.
1453 1177 1511 1221 ad
1554 1193 1595 1222 v.
1644 1186 1741 1233 1o.v).

39 1233 303 1289 Praeterea,
338 1235 462 1292 quod
495 1235 585 1279 iam
619 1235 829 1291 indicavi,
868 1237 1080 1281 omnibus
1112 1236 1415 1295 opinionibus,
1450 1236 1619 1294 quibus
1652 1236 1743 1280 duo

41 1292 224 1338 diversa
272 1294 590 1339 carminum
631 1310 806 1352 genera
839 1295 1195 1353 distinguuntur,
1240 1296 1436 1340 amicum
1468 1295 1540 1351 (cf.
1574 1311 1617 1341 v.
1649 1296 1742 1354 5l6)

38 1367 225 1397 veros
273 1353 443 1397 amoris
492 1354 667 1398 fructus
724 1354 1064 1399 desideravisse
1111 1354 1379 1413 neglegitur
1416 1354 1509 1412 (vd.
1543 1369 1623 1413 pg.
1654 1356 1742 1412 30).

40 1410 200 1467 Quare
245 1427 333 1456 non
377 1412 502 1467 licet,
547 1414 671 1471 quod
712 1413 919 1458 fecerunt
953 1414 1010 1458 A.
1046 1414 1307 1458 Weisius
1339 1415 1426 1472 (pr.
1462 1428 1483 1456 1
1606 1428 1649 1479 p.
1681 1417 1741 1471 9),

40 1470 321 1530 Birtius(p.
336 1472 441 1529 6l9),
474 1472 707 1529 Magnus
729 1473 790 1529 (in
805 1472 979 1518 »Fleck.
999 1472 1134 1528 J.-B>.«
1154 1473 1269 1531 1875
1288 1488 1331 1531 p.
1353 1473 1472 1531 851),
1570 1472 1742 1516 elden-

41 1530 286 1575 bachius
320 1533 381 1589 (p.
415 1531 474 1589 36
505 1533 640 1589 sqq),
673 1547 885 1576 »munera
919 1531 1132 1576 Veneris«
1164 1532 1355 1590 ipsius
1390 1531 1612 1576 Catulli
1644 1547 1737 1575 car-

39 1589 160 1633 mina
194 1605 300 1634 esse
333 1598 538 1634 statuere
571 1590 908 1648 sequentiaque
937 1606 1147 1635 »munera
1180 1590 1437 1635 Musarum«
1478 1591 1521 1634 in
1555 1605 1742 1634 sensum

39 1648 231 1693 aliorum
265 1649 484 1695 librorum
520 1664 548 1694 e
578 1649 856 1694 bibliotheca
887 1658 1055 1709 poetae
1086 1650 1397 1708 parandorum
1439 1649 1742 1708 interpretari.

182 1709 303 1752 Nam
368 1716 663 1766 raeterquam
696 1709 820 1767 quod
852 1708 1061 1767 plerique
1093 1709 1273 1753 illorum
1306 1708 1507 1752 virorum
1542 1724 1568 1752 a
1599 1724 1743 1767 prava

39 1767 255 1826 opinione
338 1767 491 1811 allium
531 1770 624 1825 (vv.
661 1770 752 1826 7s8)
791 1776 976 1812 veteres
1016 1768 1266 1826 scriptores
1299 1768 1639 1812 desideravisse
1671 1767 1741 1821 (cf.

38 1834 117 1884 pg.
150 1828 239 1885 25),
284 1826 477 1885 profecti
519 1835 646 1881 sunt,
688 1828 824 1871 etiam
869 1827 1032 1871 mirum
1075 1842 1180 1872 esse
1221 1827 1403 1871 videtur
1443 1826 1613 1871 Catulli
1652 1841 1743 1870 car-

39 1885 161 1930 mina
193 1886 461 1944 simpliciter
492 1901 704 1931 »munera
737 1886 952 1931 Veneris«
984 1886 1205 1930 nominari
1239 1894 1376 1943 atque
1409 1886 1470 1930 ita
1504 1885 1740 1931 Musarum

38 1945 242 2002 gratiae,
289 1960 379 2004 qua
412 1945 605 1990 aliorum
638 1954 854 2005 poemata
887 1946 1216 1999 condonantur,
1263 1945 1471 2003 expertia
1503 1959 1609 1989 esse
1641 1945 1741 1989 dici.

40 2004 163 2049 Num
188 2004 402 2049 Catullus
425 2004 486 2048 nil
519 2005 604 2049 nisi
638 2013 914 2062 argumenta
946 2004 1168 2049 amatoria
1201 2004 1466 2061 lascivaque
1500 2004 1743 2048 tractavit?

38 2062 159 2107 Num
194 2064 356 2108 Musas
389 2063 430 2108 ei
462 2063 686 2122 propitias
717 2064 860 2108 fuisse
892 2063 1152 2121 negamus?
1620 2094 1622 2096 -

180 2121 231 2167 Si
274 2122 474 2181 denique
518 2123 690 2177 omnia,
738 2138 858 2180 quae
901 2138 958 2167 ex
1001 2123 1086 2167 hac
1129 2122 1452 2167 dissertatione
1485 2122 1740 2174 elucebant,

39 2182 334 2239 collegimus,
393 2182 465 2226 hic
522 2191 594 2227 est
650 2191 865 2227 eventus:
923 2181 1048 2226 Malli
1111 2196 1297 2240 preceS,
1361 2196 1477 2238 quas
1532 2180 1743 2225 Catullus

38 2256 178 2286 versu
224 2241 404 2286 decimo
448 2241 639 2292 indicat,
686 2242 788 2286 vice
826 2256 963 2285 versa
997 2242 1054 2285 ad
1087 2240 1264 2298 inopias
1297 2240 1338 2284 in
1373 2256 1447 2284 vv.
1479 2241 1558 2299 5l6
1590 2248 1634 2284 et
1668 2241 1744 2298 7s8

39 2300 296 2359 descriptas
323 2301 595 2345 referendae
618 2309 736 2345 sunt.
780 2300 914 2344 Petiit
947 2315 1062 2357 ergo
1095 2299 1269 2343 amicus
1302 2299 1498 2357 primum
1533 2314 1741 2344 »munera

39 2358 310 2414 Musarum«,
345 2360 370 2404 i.
405 2375 444 2405 e.
479 2359 522 2403 in
555 2360 822 2404 universum
855 2367 1082 2417 poemata,
1117 2358 1284 2416 quibus
1316 2358 1523 2402 insomnii
1558 2359 1742 2403 labores

38 2418 229 2463 levaret.
293 2418 461 2474 Qualia
494 2427 648 2463 autem
681 2418 921 2475 rogaverit
953 2417 1177 2471 carmina,
1220 2432 1277 2461 ex
1318 2432 1374 2461 eo
1407 2418 1740 2462 enucleandum

38 2485 131 2532 est,
174 2478 300 2536 quod
343 2485 568 2522 »veteres«
599 2477 851 2536 scriptores
883 2477 969 2521 sibi
1003 2476 1156 2521 taedio
1188 2491 1294 2521 esse
1327 2476 1508 2521 dixerat
1541 2477 1737 2522 Mallius.

38 2536 195 2582 Voluit
236 2537 375 2595 igitur
416 2545 542 2581 certe
587 2552 813 2581 novorum
860 2535 1137 2594 scriptorum
1186 2551 1214 2580 o
1250 2550 1343 2580 era.
1407 2534 1504 2580 Sed
1545 2535 1740 2580 dubitari

37 2604 212 2654 potest,
262 2605 413 2640 utrum
462 2596 606 2655 ipsius
642 2595 813 2641 Catulli
846 2594 1048 2640 carmina
1081 2594 1160 2652 (ita
1249 2610 1359 2639 arn.
1394 2610 1436 2652 p.
1469 2598 1514 2652 9)
1548 2610 1603 2639 an
1638 2595 1740 2639 alio-

37 2669 139 2699 rum
171 2655 485 2712 intellegenda
517 2655 621 2700 sint.
665 2655 732 2700 Ita
764 2663 917 2699 autem
951 2654 1010 2698 de
1042 2654 1128 2698 hac
1162 2668 1301 2698 causa
1334 2653 1602 2698 ratiocinor:
1638 2669 1740 2697 cum

38 2728 66 2757 a
95 2722 235 2772 poeta
268 2714 523 2759 clarissimo
555 2729 676 2759 nova
707 2722 921 2772 poemata
964 2721 1178 2771 posceret
1211 2712 1411 2766 Mallius,
1458 2713 1557 2764 eius
1599 2713 1742 2771 ipsius

37 2787 182 2832 opera
214 2773 419 2832 inprimis
451 2774 509 2818 ssa
550 2773 663 2818 itare
696 2773 866 2826 debuit,
901 2772 985 2817 nisi
1008 2772 1310 2817 offensionem
1334 2773 1561 2875 praebere
1585 2772 1739 2816 voluit.

38 2831 232 2877 Amicus
273 2833 413 2890 igitur
445 2848 471 2876 a
505 2788 691 2877 gatullo
734 2832 982 2890 praecipue
1057 2846 1145 2875 uae
1186 2830 1286 2889 ipse
1319 2831 1394 2876 ile
1426 2846 1590 2875 recens
1623 2845 1740 2875 com-

38 2890 272 2949 posuisset
294 2892 509 2946 carmina,
533 2891 779 2950 rogavisse
802 2891 997 2935 videtur.
1024 2847 1139 2936 qSed
1163 2890 1410 2934 verisimile
1434 2899 1503 2934 est
1537 2889 1738 2934 Mallium

38 2964 129 2994 non
152 2950 290 2995 modo
314 2949 498 3005 Catulli,
522 2951 606 2995 sed
630 2950 766 2994 etiam
791 2950 982 2994 aliorum
1006 2953 1275 3006 >>νεωτέρων<<
1299 2949 1468 3007 scripta
1490 2948 1738 3007 optavisse.
