1942 3380
907 265 1192 322 -48-

217 424 301 453 non
353 423 377 451 e
422 406 665 463 longinquo
712 404 959 462 petivisset.
1031 402 1193 459 Neque
1240 417 1330 447 vox
1377 402 1650 461 »hospitis<‹²)
1697 405 1755 451 (v.
1808 403 1903 459 12)

218 465 505 522 neglegenda
538 472 620 507 est.
682 463 796 506 Nam
831 462 871 504 in
914 462 1026 504 urbe
1058 459 1205 503 Roma
1243 461 1342 518 ipsa
1375 460 1557 506 Catullo
1589 461 1758 518 hospes
1790 473 1878 504 non

219 523 366 581 magis
406 536 522 580 opus
565 530 661 565 erat
705 534 837 577 quam
872 517 1046 570 Mallio,
1093 518 1129 562 si
1174 517 1245 562 hic
1277 533 1328 563 re
1359 534 1470 563 vera
1502 518 1561 562 ibi
1594 519 1877 563 versabatur.

217 582 382 639 Utique
415 580 551 636 igitur
581 578 915 622 observandum
949 584 1018 619 est
1050 590 1198 632 neque
1229 575 1430 620 Mallium
1463 577 1505 621 in
1530 575 1696 621 Catulli
1730 589 1880 634 neque

216 639 442 684 Catullum
476 638 517 681 in
551 636 671 680 Malli
705 635 847 693 patria
879 634 1045 677 diutius
1077 633 1235 677 sedem
1267 634 1494 679 habuisse.
1554 633 1662 678 Mihi
1695 633 1878 691 quidem

216 696 386 741 amicus
417 695 466 739 in
501 694 730 739 Galliae
764 691 1096 749 Cisalpinae
1128 691 1340 749 oppido
1372 692 1513 736 haud
1546 692 1624 736 ita
1656 693 1878 750 parv02)

218 754 514 799 habitasse
560 752 785 795 videtur
841 750 908 803 (cf.
957 748 1247 806 Sonnyum
1294 765 1336 808 p.
1392 764 1450 808 53
1490 752 1588 807 sq.).
1667 749 1784 793 Nam
1840 747 1879 793 si

215 812 439 855 minimum
472 810 639 860 fuisset,
673 824 760 852 non
794 808 946 859 video,
980 807 1209 863 quomodo
1242 807 1317 852 ille
1351 807 1534 852 Catullo
1565 807 1736 851 crimini
1769 807 1880 851 dare

215 869 421 927 potuerit,
454 868 574 924 quod
609 867 830 917 Veronae,
865 866 905 909 in
938 865 1154 922 oppidulo
1186 865 1348 922 prisco,
1383 865 1655 910 domicilium
1689 872 1878 919 teneret,

217 937 352 984 atque
385 926 486 969 ideo
518 933 697 982 poetam
731 925 787 967 ad
821 924 924 967 volu
962 932 1078 967 tates
1119 923 1174 966 ad
1214 937 1266 966 se
1299 923 1502 967 invitare.
1564 923 1633 967 Ex
1666 923 1750 967 hac
1781 922 1880 980 ipsa

215 999 351 1029 causa
395 992 543 1027 autem
590 998 675 1026 non
720 982 856 1026 credo
939 981 1105 1031 allium,
1183 981 1225 1023 ui
1271 980 1445 1025 Romae
1490 980 1647 1025 vivere
1691 981 1879 1030 solebat,

216 1052 308 1086 tum
354 1042 394 1085 in
439 1040 624 1098 praedio
668 1048 889 1083 moratum
931 1054 1034 1083 esse
1065 1039 1143 1094 (ita
1251 1039 1432 1083 eisius
1465 1040 1491 1082 l.
1525 1054 1561 1083 c.
1595 1054 1637 1096 p.
1675 1043 1757 1093 11).
1819 1038 1881 1083 Ut

215 1100 330 1144 enim
378 1099 419 1142 in
466 1099 603 1142 villa
649 1112 749 1141 eum
798 1096 981 1141 Catullo
1035 1097 1185 1140 varios
1231 1112 1376 1141 novos
1420 1111 1600 1141 amores
1641 1096 1875 1154 suscipere

247 1157 391 1201 otuit‘?
433 1184 467 1188 -
510 1156 645 1211 Quod
686 1155 881 1212 denique
921 1156 979 1198 de
1012 1154 1167 1198 Baiis
1203 1155 1431 1199 fabulatus
1471 1162 1542 1199 est
1573 1154 1774 1198 Munro
1805 1156 1874 1210 (-

215 1174 540 1271 ῗοννεῐῐίυηι
588 1214 814 1270 relinquo;
862 1213 916 1257 cf.
948 1228 990 1270 p.
1033 1227 1090 1270 42
1122 1217 1216 1267 —),
1259 1213 1381 1257 nullo
1422 1213 1551 1257 firmo
1609 1220 1881 1269 argumento

215 1273 378 1317 nititur.
454 1272 568 1315 Nam
613 1287 638 1315 a
682 1287 754 1315 vv.
798 1286 853 1328 27
872 1286 971 1328 —30
1014 1286 1039 1314 e
1085 1270 1335 1314 Palladii
1384 1270 1594 1329 opinione
1637 1270 1880 1315 declaratis

215 1332 288 1374 ille
329 1330 555 1387 profectus
596 1338 664 1373 est
706 1338 842 1386 atque
874 1343 1093 1394 perverse
1125 1328 1168 1372 id
1202 1328 1404 1386 inprimis
1436 1329 1720 1387 respiciebat,
1755 1327 1877 1386 quod
1938 1331 1942 1336 '

216 1388 561 1433 Lesbia-Clodia
608 1402 687 1431 sae
723 1403 747 1431 e
792 1387 913 1431 Baiis
961 1386 1175 1430 lasciviae
1222 1386 1464 1431 indulsisse
1508 1387 1712 1431 traditur.
1785 1386 1880 1430 Sed

216 1455 308 1490 toto
368 1445 565 1489 carmine
617 1446 654 1488 L
708 1445 832 1489 VIII¹¹
880 1460 935 1488 ne
986 1453 1388 1488 commemoratum
1449 1445 1632 1503 quidem
1684 1443 1881 1488 Lesbiae

216 1519 414 1547 amorem
447 1518 551 1547 esse
585 1503 671 1547 iam
704 1503 896 1547 disserui
932 1510 945 1553 (
983 1504 1100 1558 .42).
1164 1501 1381 1547 Ceterum
1405 1518 1493 1547 non
1515 1503 1654 1547 credo
1676 1502 1880 1546 Mallium

219 1562 336 1605 Baiis
376 1562 601 1605 Veronam
635 1561 676 1604 in
708 1561 929 1618 spatium'
1011 1561 1106 1604 fere
1139 1560 1306 1604 milium
1348 1575 1565 1619 passuum
1606 1559 1881 1604 levaminum

217 1620 422 1663 celeriter
454 1619 750 1676 petendorum
783 1633 921 1663 causa
953 1618 1124 1662 litteras
1156 1618 1346 1663 misisse.
1384 1645 1431 1650 —

355 1676 439 1720 His
482 1677 765 1721 extrinsecus
809 1676 1028 1734 expositis
1071 1691 1186 1720 nunc
1231 1677 1287 1720 ad
1332 1676 1542 1721 carminis
1584 1676 1721 1719 finem
1753 1675 1883 1719 inter-

217 1735 484 1792 pretandum
527 1734 927 1790 transgrediamur.
990 1733 1077 1778 Ubi
1118 1749 1236 1778 nova
1275 1734 1474 1778 rixarum
1520 1749 1658 1778 causa
1698 1733 1882 1786 exstitit,

216 1808 315 1836 cum
349 1793 406 1835 de
438 1792 589 1835 verbis
620 1807 749 1835 »non
781 1793 1100 1848 utriusque«
1122 1799 1181 1846 (v.
1205 1794 1277 1849 39)
1300 1792 1382 1836 viri
1405 1792 1522 1836 docti
1546 1792 1680 1836 valde
1714 1791 1884 1836 dissen-

217 1850 360 1894 tirent.
426 1849 632 1893 Catullus
664 1850 780 1893 enim
813 1850 929 1899 dicit.
962 1865 1063 1894 cum
1086 1850 1191 1893 talia
1213 1850 1271 1893 de
1292 1850 1554 1894 muneribus
1582 1858 1627 1893 et
1649 1849 1882 1893 Musarum

217 1918 261 1952 et
283 1907 475 1951 Veneris
507 1907 804 1965 responderit,
838 1908 1029 1951 amicum
1052 1916 1201 1951 tamen
1225 1922 1275 1952 se
1298 1923 1385 1951 non
1412 1907 1659 1965 malignum
1684 1907 1883 1952 iudicare

218 1966 400 2020 debere,
434 1966 556 2022 quod
588 1980 693 2009 »non
727 1966 979 2022 utriusque«
1012 1965 1188 2023 copiam
1220 1966 1493 2023 praebuerit.

360 2023 415 2067 Et
447 2025 588 2067 altera
621 2023 802 2080 quidem
825 2032 1229 2068 commentatorum
1253 2038 1360 2081 pars
1382 2023 1671 2076 (Muretus,
1705 2023 1884 2088 Haup-

218 2082 330 2124 tius
363 2097 387 2124 a
425 2116 433 2124 .
466 2081 595 2137 Belg.
629 2097 670 2139 p.
703 2096 800 2138 247,
834 2081 1091 2125 Weisius
1123 2097 1188 2139 pr.
1227 2082 1338 2139 1863
1368 2097 1410 2139 p.
1442 2086 1531 2140 4l5,
1566 2081 1808 2138 Magnus
1840 2094 1883 2124 m

218 2139 300 2182 01³1.
332 2139 387 2195 J.-
512 2139 621 2197 1875
659 2154 700 2196 p.
732 2140 840 2197 851,
890 2139 1287 2183 Baehrensius
1334 2140 1375 2183 in
1423 2155 1584 2184 comm.
1633 2139 1689 2183 ad
1736 2155 1778 2183 v.
1811 2152 1880 2196 39,

219 2196 511 2241 Fennerus
543 2212 583 2255 p.
617 2198 690 2249 26)
722 2197 923 2241 arbitrati
955 2205 1060 2241 sunt
1091 2199 1232 2241 verba

610 2270 733 2298 »non
766 2255 1089 2312 utriusque«
1110 2274 1165 2294 z
1187 2255 1487 2299 »neutrius«

250 2313 339 2355 erci
376 2312 508 2355 ienda
549 2327 673 2366 esse,
719 2327 853 2370 quam
894 2313 1149 2371 opinionem
1183 2312 1402 2357 Birtius
1444 2313 1503 2368 (in
1535 2311 1715 2356 »Rhein.
1748 2312 1886 2356 Mus«

267 2327 422 2413 Xflv
454 2386 494 2428 p.
528 2385 555 2428 5
587 2379 632 2414 et
664 2371 705 2414 in
739 2386 898 2415 comm.
932 2386 974 2428 p.
1013 2374 1128 2429 14l5)
1160 2370 1385 2415 sermonis
1423 2370 1644 2428 exemplis
1683 2370 1886 2415 stabilire

218 2428 442 2471 studebat.
504 2428 697 2472 Putabat
728 2429 858 2482 enim,
901 2438 948 2472 ut
979 2444 1005 2472 a
1037 2428 1185 2487 poetis
1215 2429 1347 2486 gravi
1379 2443 1481 2473 cum
1514 2436 1744 2473 momento
1776 2443 1884 2472 »non

219 2486 326 2529 ullor·
362 2501 443 2543 pro
475 2487 632 2530 »nullo«
665 2486 903 2540 diceretur,
937 2487 999 2531 ita
1030 2487 1164 2531 etiam
1189 2486 1370 2531 Catullo
1402 2501 1486 2544 pro
1508 2501 1623 2531 voce
1643 2486 1885 2531 »neutrius«

219 2570 272 2574 —
319 2544 423 2600 quia
469 2559 617 2601 neque
663 2553 884 2588 »necuter«
930 2545 1069 2603 (quod
1113 2544 1155 2588 in
1201 2544 1253 2589 C.
1297 2544 1336 2601 J.
1385 2544 1434 2589 L.
1469 2543 1665 2603 V1l1527
1713 2552 1885 2588 tantum

218 2601 428 2655 occurrit)
481 2617 627 2659 neque
681 2617 787 2646 »non
834 2611 953 2646 uter«
1008 2603 1211 2647 adhiberi
1266 2610 1424 2661 posset
1473 2628 1529 2634 -
1580 2617 1663 2660 per
1722 2601 1886 2647 tmesin

220 2674 378 2703 vocem
411 2674 518 2703 »non
551 2660 803 2717 utriusque«
835 2675 945 2704 usur
980 2676 1057 2705 are
1079 2660 1272 2705 licuisse.
1334 2659 1429 2705 Sed
1452 2674 1568 2718 quos
1590 2660 1664 2704 ille
1686 2659 1887 2704 attulerit

220 2717 356 2768 locos,
379 2717 681 2762 debilissimos
703 2732 807 2762 esse
824 2717 911 2762 iam
981 2719 1044 2762 ku
1059 2718 1283 2763 tschius
1305 2718 1363 2773 (in
1380 2717 1485 2763 »Rh.
1509 2718 1590 2763 M.«
1610 2716 1886 2763 XXXXVII

364 2867 387 2912 ¹)
413 2868 501 2912 Qua
527 2868 716 2904 Catullum
750 2880 821 2915 per
846 2870 978 2905 vivum
1011 2869 1104 2906 iuris
1137 2870 1334 2917 morisque
1360 2880 1518 2906 sensum
1553 2880 1667 2906 usum
1700 2880 1789 2905 esse
1814 2868 1879 2905 illo

219 2914 390 2959 graviter
414 2914 545 2950 addito
574 2915 782 2951 »officium«
810 2917 1108 2953 demonstratur.

359 2958 385 3003 ²)
412 2961 619 2997 Nominare
645 2961 731 2998 licet
755 2962 971 2999 Bononiam
998 2964 1059 2998 vel
1086 2962 1302 2999 Patavium.
