1942 3380
933 287 1213 329 ..16-

282 418 462 469 otuisse,
497 425 542 459 ut
575 417 708 459 homo
741 413 945 470 coniugis
978 421 1122 456 morte
1143 412 1433 456 contristatus
1457 412 1514 456 ab
1536 410 1682 455 amico
1703 423 1883 454 »muner

253 434 471 527 generis«,
504 473 831 530 qualiacunque
862 479 986 521 sunt,
1029 478 1204 528 peteret
1235 478 1280 514 et
1311 469 1493 514 lascivis
1525 469 1679 514 verbis
1711 469 1836 512 velut
1868 466 1878 510 i
1911 483 1915 515 j

252 548 320 576 vv.
344 546 515 597 27—-30
537 535 794 577 utereturl).
837 528 1103 573 Incredibile
1134 542 1317 586 quoque
1349 542 1452 572 esse
1476 527 1655 571 videtur
1679 525 1913 571 Catullum

250 591 418 634 sodalis
463 590 687 640 dolorem,
740 587 776 631 si
826 601 933 630 vere
984 595 1073 629 tarn
1121 587 1253 642 gravi
1299 585 1553 630 calamitate
1600 593 1750 629 motus
1800 590 1912 635 erat,

250 648 403 691 tantuli
448 648 596 691 facere
642 645 862 703 potuisse,
912 644 1180 702 praesertim
1221 658 1323 688 cum
1356 643 1503 688 Calvo
1543 642 1699 687 uxoris
1736 641 1911 686 obitum

251 706 293 749 lu
332 705 418 749 enti
460 705 585 748 aliter
625 703 920 760 responderet
960 702 1002 744 in
1045 717 1080 746 c.
1114 700 1269 746 XCVI
1309 702 1380 756 (cf.
1415 700 1725 757 Kiessling.
1758 715 1800 764 p.
1838 712 1910 755 143

325 764 551 806 eberum
600 777 640 818 p.
679 776 777 814 102;
824 760 1098 804 Monsium
1139 759 1228 804 »Zu
1271 758 1441 804 Catull«
1484 774 1548 817 pr.
1591 757 1911 803 Schweldnitz.

255 822 361 878 1895
392 835 468 877 pg.
507 823 585 873 11).

388 895 541 951 Itaque
572 893 664 948 jos
698 892 970 948 Scaliger
990 892 1079 947 (ed.
1108 901 1247 950 1577),
1281 891 1446 950 aliique
1469 891 1755 943 voluerunt2)
1787 888 1911 933 Malli

249 952 543 995 calamitatem
592 951 631 994 in
674 966 729 994 eo
772 950 903 993 sitam
948 950 1109 1004 fuisse,
1154 950 1276 1008 quod
1318 950 1370 994 in
1412 958 1637 1007 tempus
1677 949 1735 993 ab
1767 947 1913 991 amica

248 1010 493 1053 disiunctus
537 1018 657 1053 esset
701 1009 798 1052 sive
836 1008 933 1051 rixa
965 1008 1063 1051 sive
1094 1007 1283 1066 perfidia
1315 1007 1413 1052 sive
1444 1007 1531 1051 alia
1562 1009 1749 1058 causa.⁸)
1810 1005 1912 1049 Hoc

248 1076 396 1111 autem
429 1068 562 1110 modo
595 1067 675 1118 illi,
721 1066 794 1123 qui
834 1066 1050 1109 unitatem
1082 1066 1304 1124 poematis
1336 1067 1607 1121 tutabantur,
1641 1077 1913 1108 consensum

249 1126 470 1182 quendam
505 1125 617 1168 effici
650 1126 867 1182 putabant
897 1124 1013 1167 inter
1043 1139 1117 1167 vv.
1149 1127 1227 1182 5l6
1257 1133 1302 1168 et
1337 1138 1430 1181 155.
1493 1123 1611 1167 Nam
1642 1123 1680 1166 si
1713 1121 1836 1166 Malli
1869 1129 1915 1165 et

247 1193 422 1227 amatae
462 1183 557 1226 eius
603 1183 821 1225 seiunctio
863 1181 1004 1238 fugax
1045 1190 1164 1235 erat,
1220 1181 1430 1226 Catullus
1475 1181 1517 1224 in
1561 1182 1729 1224 bonum
1778 1188 1942 1225 omen}

248 1241 345 1284 illas
396 1241 721 1297 gratulationes
803 1239 1135 1284 ronuntiavisse
1182 1240 1421 1284 videbatur
1467 1238 1534 1292 (cf.
1582 1226 1942 1294 Kiessling.l

248 1314 290 1356 p.
327 1302 452 1354 14)4).
517 1298 639 1342 Voce
671 1255 892 1342 »caelibis«
924 1306 1093 1350 autem,
1136 1298 1211 1355 qui
1253 1298 1354 1341 huic
1387 1297 1782 1355 adstipulabantur
1812 1310 1912 1360 sen-

248 1356 433 1406 tentiae.
495 1356 719 1399 hominem
771 1356 812 1399 in
865 1356 1126 1399 universum
1179 1371 1334 1400 amore
1384 1363 1615 1399 carentem
1667 1353 1915 1410 significari

248 1415 490 1457 censebant
522 1423 565 1457 et
598 1414 797 1457 Mallium
831 1428 856 1456 a
888 1414 1036 1471 puella
1068 1414 1338 1458 »desertum«
1371 1428 1475 1457 esse
1507 1413 1838 1470 supponebant.

385 1488 478 1532 Sed
520 1487 811 1544 scaligeri
859 1489 1010 1546 opinio
1052 1504 1141 1532 non
1183 1489 1431 1532 indubitata
1472 1496 1581 1532 erat.
1654 1487 1753 1542 Jam
1796 1486 1912 1530 enim

247 1546 583 1590 Schwabius
605 1546 697 1601 (ΨΩ.
719 1545 790 1590 Ca<
807 1561 883 1604 pg.
907 1555 1008 1604 342)
1039 1547 1255 1603 cognovit
1278 1561 1490 1590 versuum
1519 1559 1629 1601 1-—4
1651 1545 1791 1589 verba
1813 1559 1911 1601 gra-

248 1604 372 1647 viora
405 1618 508 1648 esse
530 1619 664 1661 quam
689 1619 806 1661 quae
829 1605 884 1647 ad
909 1606 1056 1648 levem
1080 1605 1322 1648 amantium
1345 1604 1616 1648 discordiam
1639 1610 1914 1661 spectarent.

247 1663 401 1719 Atque
433 1670 567 1719 poeta
599 1662 709 1720 ipse,
743 1677 844 1706 cum
873 1677 943 1706 vv.
972 1677 1113 1718 1—40
1133 1662 1325 1720 scripsit,
1359 1672 1449 1706 tam
1483 1661 1596 1706 tristi
1628 1661 1777 1705 animo
1799 1669 1910 1714 erat,

247 1728 294 1763 ut
340 1719 381 1763 ei
427 1719 617 1763 alienum
665 1720 803 1764 fuisse
844 1729 1019 1764 constet
1062 1720 1294 1765 ridiculam
1336 1720 1465 1764 amici
1506 1720 1695 1776 eiusque
1733 1727 1913 1763 amatae

393 1859 415 1900 ¹)
442 1860 551 1895 Hanc
585 1860 634 1894 ob
672 1871 828 1895 causam
862 1860 978 1895 etiam
1006 1859 1241 1895 reiciendum
1274 1866 1349 1902 est,
1386 1860 1488 1905 quod
1521 1860 1730 1895 Riesius
1757 1859 1806 1906 (p.
1832 1860 1914 1903 220)

248 1906 347 1941 inter
373 1906 445 1941 alia
472 1906 667 1951 proponit:
695 1906 863 1941 Mallium
890 1917 1050 1951 gravem
1079 1907 1231 1952 puellae
1257 1917 1352 1941 suae
1378 1907 1555 1942 morbum
1583 1917 1774 1942 maerere.

390 1951 415 1994 ²)
442 1952 729 1997 Doeringius
767 1953 839 1995 (ed.
869 1955 987 1998 1834),
1026 1964 1140 2005 quem
1179 1952 1403 1988 Weisius
1441 1952 1491 1996 (in
1519 1964 1576 1998 pr.
1618 1953 1707 1998 1869
1745 1964 1779 1997 p.
1805 1951 1841 1995 8)
1877 1951 1916 1987 in

248 1999 499 2043 Scaligeri
537 1998 695 2033 asseclis
728 2005 923 2043 numerat,
961 1998 1053 2034 mim
1079 1998 1319 2044 distinguere
1345 1999 1513 2034 videtur:
1542 2000 1573 2043 1)
1600 2005 1743 2035 sortem
1775 2010 1913 2045 ›quan-

248 2046 357 2080 dam‹
387 2045 501 2080 Manli
527 2045 786 2080 tristissimam
813 2047 863 2090 (p.
894 2046 977 2090 1383
1003 2045 1046 2080 cf.
1066 2056 1102 2090 p.
1129 2057 1196 2090 139
1220 2045 1404 2081 »Manlius
1430 2046 1479 2080 ob
1509 2045 1659 2081 tristem
1684 2046 1914 2092 quendam

247 2103 377 2127 casum
409 2092 618 2136 naufragus
643 2091 814 2133 dicitur«)
841 2098 879 2128 et
903 2093 938 2135 2)
963 2091 1165 2137 perfidiam
1203 2093 1365 2137 puellae,
1403 2103 1504 2138 quae
1529 2093 1604 2135 (vv.
1631 2092 1701 2138 5l6)
1728 2091 1913 2128 Manlium

246 2138 425 2190 deseruit.
484 2138 568 2173 Duo
607 2138 722 2183 igitur
759 2138 1002 2173 incommoda
1029 2138 1166 2173 Catulli
1203 2139 1369 2174 amicum
1407 2138 1521 2174 simul
1558 2141 1807 2184 perpessum·
1824 2149 1913 2174 esse

245 2190 432 2220 statuerit.

387 2239 412 2284 ⁸)
440 2242 542 2277 velut
568 2242 669 2277 Malli
695 2242 862 2287 puellam
890 2248 1048 2288 propter
1073 2242 1171 2277 iter
1195 2242 1338 2278 afuisse
1365 2242 1572 2284 (Riesius
1597 2243 1647 2277 ad
1673 2254 1708 2278 v.
1726 2254 1749 2288 4
1767 2253 1803 2288 p.
1820 2243 1915 2286 220).

386 2301 411 2342 ⁴)
440 2299 522 2334 Hoc
555 2300 638 2335 loco
672 2300 788 2336 etiam
816 2307 981 2336 tractare
1008 2301 1129 2346 liceat,
1156 2311 1392 2346 quamquam
1418 2311 1441 2335 a
1466 2300 1606 2335 ceteris
1631 2299 1827 2346 aliquanto
1852 2301 1916 2335 ab·

247 2346 387 2388 horret,
412 2347 514 2391 quod
540 2346 578 2381 Β,
607 2346 916 2382 Schmidtius
943 2347 995 2389 (in
1020 2348 1080 2382 ed.
1107 2348 1214 2392 proll.
1241 2348 1290 2382 ad
1309 2359 1344 2382 v.
1364 2347 1443 2392 157)
1471 2347 1520 2382 de
1547 2346 1668 2382 »Alli«
1694 2346 1914 2382 calamitate

247 2392 403 2436 protulit
464 2393 499 2427 Is
536 2393 636 2427 enirn
676 2394 860 2428 unitatem
895 2394 1075 2429 carminis
1110 2394 1356 2429 observando
1382 2393 1636 2439 proficiscitur
1661 2404 1685 2428 a
1709 2404 1827 2428 versu
1853 2393 1916 2428 illo

248 2438 465 2473 difficillimo
487 2440 596 2483 157l8,
623 2451 735 2484 quem
764 2439 817 2474 ita
842 2440 1082 2476 emendavit:

389 2504 444 2531 »et
470 2498 606 2532 domus
632 2497 727 2542 ipsa,
754 2498 789 2532 in
816 2509 892 2543 qua
917 2498 1089 2543 lusimus,
1115 2504 1153 2534 et
1178 2498 1345 2540 domina.

387 2550 425 2578 et
451 2543 525 2588 qui,
550 2554 666 2588 quam
692 2544 817 2588 primo
843 2545 954 2580 nobis
980 2551 1124 2580 terram
1150 2545 1265 2586 dedit,
1291 2543 1417 2580 aufert
1443 2563 1485 2568 —
1513 2544 1549 2580 A
1575 2555 1652 2590 quo
1679 2571 1687 2580 .
1714 2568 1723 2577 .
1749 2549 1842 2579 etc.«

249 2598 364 2651 Hisce
391 2600 519 2635 verbis
546 2602 624 2636 vult
651 2601 807 2637 indicari
833 2602 1012 2638 dominae
1038 2602 1148 2646 illius,
1175 2603 1277 2648 apud
1304 2613 1421 2648 quam
1439 2601 1612 2638 Catullus
1638 2608 1677 2638 et
1695 2601 1821 2639 Allius
1846 2613 1918 2637 sua

247 2657 409 2691 quisque
427 2647 548 2682 amica
567 2647 638 2683 frui
658 2649 706 2687 (v.
724 2650 788 2693 69:
817 2650 1099 2693 ›communes«)
1118 2650 1305 2694 solebant,
1332 2648 1511 2684 maritum
1531 2648 1634 2684 Allio
1659 2647 1918 2694 interdixisse,

247 2703 294 2727 ne
316 2692 357 2744 *in
383 2692 548 2728 futurum
575 2695 742 2739 puellam
768 2706 878 2730 suam
905 2695 942 2730 in
968 2695 1030 2731 illa
1057 2697 1172 2731 domo
1198 2695 1434 2731 conveniret.
1484 2694 1579 2730 Eam
1606 2701 1736 2731 autem
1764 2695 1815 2730 ob
1832 2705 1915 2730 rem

249 2738 389 2773 Allium
409 2739 563 2775 tristitia
582 2740 767 2775 imbutum
786 2753 874 2777 esse
892 2742 941 2782 (v.
959 2743 1095 2784 1—10).
1112 2761 1153 2766 —
1173 2742 1251 2778 Sed
1270 2742 1368 2777 hanc
1386 2741 1618 2777 sententiam
1637 2740 1916 2778 debilissimam

246 2795 334 2837 esse
368 2793 547 2838 apparet,
613 2787 728 2832 uippe
767 2799 867 2833 quae
904 2795 942 2823 et
975 2789 1122 2824 unitate
1155 2800 1207 2824 cs.
1235 2788 1393 2824 LXVIII
1430 2788 1598 2833 pendeat
1632 2794 1671 2824 et
1696 2787 1917 2823 coniectura

246 2830 360 2883 dubia
396 2838 547 2884 nitatur.
631 2844 676 2868 ur
712 2833 827 2869 etiam
856 2834 1027 2870 Catullus
1064 2835 1170 2870 illum
1203 2835 1384 2871 maritum
1422 2834 1616 2880 ingratum
1650 2833 1800 2870 felicem
1827 2845 1917 2870 esse

246 2878 464 2930 cupi‘verit'?
513 2878 625 2923 Quod
652 2879 704 2915 ita
730 2880 928 2916 declarare
954 2882 1099 2917 studuit
1123 2881 1465 2924 Schmidtius,
1492 2886 1533 2916 ut
1557 2880 1703 2916 diceret
1721 2879 1915 2916 Catullum

246 2934 407 2977 scivisse
435 2925 632 2961 »dominae
657 2926 859 2972 coniugem
884 2928 1116 2964 necessitate
1133 2935 1309 2965 coactum
1326 2938 1425 2970 esse,
1452 2938 1501 2962 ne
1518 2938 1636 2973 porro
1654 2932 1918 2963 commeatum

245 2976 457 3006 amantium
491 2972 765 3016 permitteret«.
817 2973 916 3009 Num
951 2974 1049 3010 levis
1081 2974 1211 3019 opinio
1237 2976 1360 3011 altera
1384 2972 1568 3019 opinione
1593 2973 1670 3009 levi
1695 2973 1917 3010 stabilitur?
