1942 3380
762 209 1055 253 -61-

57 333 237 379 officiis«
259 333 542 392 coniungere
565 336 762 381 student.
807 336 1023 382 Amicum
1046 338 1164 383 enim
1186 339 1452 398 »hospitem«
1476 341 1758 399 appellatum

57 408 163 438 esse
205 393 508 447 contendunt,
554 394 660 452 quia
703 394 887 440 Catullo
932 405 978 441 et
1024 396 1223 443 Lesbiae
1267 399 1325 443 ad
1370 414 1577 444 amorum
1623 415 1757 445 usum

57 453 246 497 domum
268 466 400 498 suam
423 452 494 510 (cf.
519 469 561 497 v.
583 454 659 509 68)
683 454 988 512 patefecisset.
1053 454 1149 501 Sed
1173 472 1323 516 neque
1352 473 1547 502 »suam«
1570 459 1757 503 domum

57 511 211 566 Allius
243 511 503 556 amantibus
535 513 806 570 praebuisse
830 514 1025 568 videtur,
1059 515 1143 560 sed
1167 515 1350 561 domina
1373 516 1449 561 illa
1471 517 1631 574 ignota
1652 518 1759 563 fecit

0 595 2 606 =
57 571 129 627 (cf.
153 586 194 615 v.
221 571 334 630 156),
367 586 519 629 neque
545 572 763 617 credibile
786 582 856 617 est
879 574 1152 621 lenocinium
1176 589 1309 620 sacro
1330 575 1552 635 »hospitii«
1575 576 1759 622 nomine

56 629 365 688 significatum
398 644 518 675 esse.
533 633 565 687 ¹)

201 689 342 745 Quod
375 689 573 747 denique
608 690 647 734 in
681 690 893 735 omnibus
915 692 1011 736 fere
1033 691 1161 737 libris
1183 693 1509 752 manuscriptis
1535 694 1690 751 (etiarn
1713 697 1758 738 in

56 749 190 794 codd.
214 747 259 793 O
290 756 337 793 et
369 747 431 802 G)
464 749 665 793 carmina
697 749 910 794 LXV111³
938 759 984 795 et
1012 752 1030 777 b
1059 751 1367 797 coniuncta
1402 753 1632 810 leguntur,
1667 768 1758 798 non

56 807 188 853 flocci
210 807 342 852 facio.
406 806 606 866 Saepius
639 808 758 853 enim
792 809 833 853 in
857 809 1092 855 codicibus
1115 810 1219 855 bina
1242 811 1442 856 carmina
1464 812 1760 857 succedentia

56 868 177 912 hunc
211 867 255 911 in
288 867 475 911 modum
510 868 823 925 conglutinata
854 878 960 913 sunt
992 870 1063 925 (cf.
1098 869 1135 914 II
1169 878 1214 914 et
1247 870 1330 925 111,·
1364 870 1430 914 IX
1463 879 1509 915 et
1540 870 1585 915 X
1597 888 1608 925 ;
1642 871 1687 915 X
1711 880 1758 916 et

54 925 145 981 X1;
188 925 325 970 XXII
369 934 415 970 et
455 925 614 971 XXIII
628 943 638 981 ;
684 927 814 972 LXV
858 937 902 972 et
945 928 1096 973 LXVI
1139 937 1185 973 et
1225 929 1421 984 LXVII,·
1462 929 1678 974 LXVIIII
1712 939 1759 974 et

55 985 191 1030 LXX
223 994 269 1030 et
289 985 522 1042 LXXI)2).
586 986 742 1044 Atque
775 1002 922 1045 nuper
953 986 1270 1033 Schulzius
1303 989 1475 1033 monuit
1506 989 1549 1033 in
1583 989 1682 1033 cod.
1707 988 1755 1033 M

54 1045 131 1099 (de
164 1060 257 1103 quo
290 1045 344 1089 cf.
378 1060 422 1103 p.
455 1060 484 1102 4
515 1060 616 1090 ann.
652 1046 717 1100 2l)
760 1046 882 1104 apud
918 1062 956 1089 v.
988 1062 1047 1104 40
1078 1046 1262 1104 signum
1303 1049 1393 1101 »s«
1425 1047 1537 1105 legi,
1580 1063 1671 1107 quo
1713 1048 1756 1092 in

59 1104 136 1149 illo
170 1105 286 1149 libro
318 1119 643 1162 nonnunquam
686 1105 887 1149 carmina
927 1106 1043 1150 falso
1085 1106 1324 1151 coniuncta
1364 1106 1759 1164 distinguerentur

54 1163 125 1216 (cf.
168 1179 205 1208 c.
241 1162 324 1208 CII
367 1172 414 1208 et
452 1162 587 1220 CIII).
653 1163 792 1219 Quod
836 1164 1020 1221 signum
1062 1164 1106 1209 in
1148 1165 1249 1223 ipso
1291 1165 1449 1210 codice
1482 1165 1755 1220 Veronensi,

53 1222 131 1267 ubi
169 1222 260 1267 iam
301 1237 442 1267 unum
483 1231 650 1282 poema
682 1222 877 1268 LXVIII
919 1224 1138 1282 scriptum
1184 1239 1290 1269 esse
1331 1224 1374 1268 in
1416 1240 1458 1283 p.
1497 1239 1545 1268 11
1594 1240 1694 1270 ann.
1728 1240 1758 1269 2

54 1282 231 1336 notavi,
275 1282 474 1326 fortasse
506 1281 759 1326 adhibitum
801 1282 937 1327 fuerit
980 1291 1057 1327 aut
1098 1298 1156 1327 ex
1199 1283 1287 1327 alio
1328 1283 1444 1328 libro
1487 1292 1671 1328 vetusto
1713 1284 1757 1328 in

55 1342 157 1386 cod.
192 1341 239 1385 M
273 1341 544 1386 translatum
578 1356 683 1386 esse
715 1350 881 1400 potest.
946 1342 1066 1386 Nam
1108 1342 1152 1386 id
1192 1358 1218 1386 a
1250 1343 1507 1387 recentiore
1541 1343 1757 1400 quodam,

57 1401 183 1446 velut
216 1400 337 1455 Itali,
371 1415 510 1445 manu
544 1400 749 1445 additum
784 1416 890 1446 esse
922 1416 1011 1445 non
1045 1401 1198 1455 credo,
1234 1401 1339 1460 quia
1372 1410 1497 1446 certa
1530 1401 1758 1446 sententia

53 1460 111 1505 ad
146 1459 488 1562 separationem
521 1468 738 1518 spectans
770 1459 875 1504 inde
908 1475 934 1504 a
967 1459 1154 1504 Rodio
1187 1460 1372 1505 demum
1405 1460 1644 1519 reperitur.

236 1519 337 1564 auci
382 1527 795 1571 commentatores,
848 1519 947 1577 qui,
1000 1534 1279 1577 quamquam
1325 1519 1587 1565 incisionem
1634 1519 1758 1578 apud

54 1594 95 1623 v.
128 1593 187 1636 40
227 1578 519 1623 statuendam
559 1593 664 1622 esse
706 1593 795 1622 non
829 1578 1149 1635 neglexerunt,
1194 1587 1347 1623 tamen
1388 1594 1528 1623 unum
1571 1593 1756 1623 carmen

53 1639 293 1692 tenebant,
337 1636 550 1695 proprias
590 1637 649 1681 de
686 1637 914 1695 poematis
955 1637 1288 1696 compositione
1329 1637 1567 1696 opiniones
1606 1646 1757 1697 protu-

53 1698 216 1742 lerunt.

196 1767 443 1813 Ellisius
482 1768 668 1825 quidem
716 1771 896 1820 (comm.
937 1782 979 1825 p.
1021 1768 1170 1825 320s1,
1214 1768 1285 1812 ed.
1320 1771 1336 1798 2
1374 1783 1417 1826 p.
1466 1769 1598 1825 168l9
1638 1770 1756 1823 ann.)

53 1842 240 1872 carmen
273 1826 470 1872 LXVIII
503 1827 562 1871 ad
593 1841 760 1871 unum
793 1825 1023 1871 hominem
1057 1825 1248 1871 missum
1283 1841 1388 1871 esse
1420 1827 1577 1879 voluit,
1612 1827 1694 1871 sed
1728 1841 1756 1870 e

53 1887 236 1932 duabus
268 1886 490 1946 partibus,
524 1901 644 1944 quae
676 1885 873 1930 diversis
907 1885 1106 1943 scriptae
1129 1894 1286 1930 essent
1319 1886 1618 1944 temporibus,
1653 1901 1756 1930 con-

50 1947 220 1992 sectum
253 1960 360 1991 esse
394 1945 551 1990 videri.
614 1944 676 1990 Ut
707 1953 861 1989 autem
893 1945 1007 1988 haec
1039 1944 1280 1998 sententia,
1315 1959 1435 2003 quae
1468 1960 1494 1989 a
1526 1960 1637 1989 vera
1660 1960 1756 1989 car·

52 2005 186 2051 minis
218 2004 433 2049 LXVIII‘²
462 2003 841 2063 interpretatione
879 2003 1016 2048 valde
1049 2004 1290 2057 abhorret,
1333 2003 1446 2048 satis
1487 2003 1757 2058 illustretur,

53 2064 247 2122 Magni
278 2064 340 2117 (in
371 2063 443 2109 »Ζ.
476 2064 503 2108 f.
538 2064 580 2108 d.
616 2062 794 2109 G.-W.«
831 2063 944 2121 1878
975 2078 1018 2121 p.
1041 2065 1145 2120 496)
1179 2062 1325 2107 affero
1356 2062 1593 2107 iudicium:
1627 2062 1757 2107 »Wie

52 2124 139 2168 soll
173 2138 278 2168 man
309 2122 407 2168 sich
441 2123 525 2168 das
557 2122 842 2167 vorstellen?
884 2137 959 2166 vv.
996 2137 1139 2180 1—40
1170 2122 1359 2166 werden
1393 2122 1544 2166 direkt
1577 2137 1632 2166 an
1666 2122 1755 2166 den

53 2183 238 2227 Freund
270 2182 536 2240 geschickt;
579 2182 717 2240 lange
750 2181 853 2226 Zeit
896 2182 1115 2238 vergeht‚
1161 2181 1313 2225 Allius
1351 2181 1429 2225 hat
1468 2181 1623 2237 langst
1655 2180 1755 2225 sein

54 2242 167 2287 Leid
201 2256 483 2299 vergessen:
517 2241 658 2294 siehe,
693 2242 754 2285 da
776 2240 924 2284 erhalt
947 2255 998 2285 er
1020 2240 1148 2284 eines
1170 2239 1333 2297 Tages
1356 2240 1440 2284 das
1463 2238 1755 2284 Bruchstuck

53 2301 181 2346 eines
214 2300 471 2347 Gedichtes
506 2337 514 2345 .
550 2337 558 2345 .
594 2337 603 2345 .
637 2300 717 2344 mit
749 2300 831 2344 der
864 2301 1131 2357 ergebenen
1156 2299 1288 2353 Bitte,
1324 2313 1375 2343 es
1408 2314 1463 2342 an
1496 2298 1570 2343 die
1599 2298 1757 2342 fruher

51 2360 392 2419 geschriebene
425 2360 642 2404 Antwort
674 2358 910 2417 gesalligst
942 2360 1278 2416 anzuhangen«.

195 2419 303 2464 Alia
334 2418 507 2463 invenit
539 2418 776 2463 Riesius
819 2433 909 2462 non
942 2417 1092 2474 magis
1124 2416 1401 2475 probabilia,
1445 2431 1546 2460 cum
1591 2431 1757 2475 propo·

52 2487 183 2525 neret
215 2482 276 2538 (p.
308 2479 463 2536 218l9)
496 2494 533 2523 c.
567 2477 790 2522 LXVIIIb
819 2477 996 2522 litteras
1020 2475 1190 2521 Catulli
1224 2476 1281 2520 ad
1304 2475 1553 2520 alterurn
1587 2474 1755 2519 amici

51 2538 336 2597 scriptum
369 2536 692 2596 respondentis
724 2551 853 2591 esse,
896 2536 1020 2594 quod
1051 2534 1236 2580 Mallius
1278 2534 1491 2579 carminis
1531 2532 1757 2578 LXVIII*

51 2598 239 2657 repulsa
254 2597 311 2654 (ΖΡ)
329 2612 420 2641 non
437 2605 564 2642 esset
577 2595 837 2650 deterritus,
858 2595 966 2653 quin
980 2594 1145 2639 iterum
1160 2602 1344 2652 poetam
1362 2592 1577 2651 precibus
1594 2593 1754 2658 adiret.

54 2656 143 2701 Cui
177 2672 266 2700 non
301 2656 438 2700 modo
471 2672 583 2700 vera
606 2655 734 2699 vocis
766 2670 873 2698 »non
898 2654 1156 2711 utriusque«
1190 2652 1452 2711 explanatio
1484 2651 1637 2703 officit,
1671 2651 1754 2696 sed

200 2800 224 2846 ¹)
251 2800 394 2836 Errare
425 2799 543 2846 igitur
576 2799 710 2835 Ellis.
738 2798 905 2842 videtur,
938 2797 1003 2843 qui
1030 2798 1183 2839 (comm.
1210 2795 1219 2812 ¹
1253 2807 1288 2849 p.
1315 2807 1385 2841 323
1410 2796 1460 2831 ad
1487 2807 1522 2830 v.
1554 2800 1609 2837 12)
1643 2800 1756 2840 putat

53 2848 247 2884 Catullum
275 2847 348 2884 illis
374 2847 508 2883 verbis
534 2846 804 2883 denotavisse:
843 2845 930 2880 »the
965 2845 1061 2891 duty
1096 2845 1140 2879 of
1166 2855 1189 2879 a
1217 2843 1342 2879 friend
1368 2842 1501 2878 whom
1536 2853 1615 2888 you
1652 2842 1755 2877 have

51 2895 295 2932 entertained
324 2895 391 2942 (by
418 2894 628 2941 providing
653 2894 718 2929 the
746 2893 888 2938 house,
924 2892 961 2928 in
988 2892 1114 2928 which
1142 2892 1207 2926 the
1234 2897 1327 2936 poet
1353 2890 1429 2926 and
1458 2889 1599 2925 Lesbia
1627 2888 1755 2929 men«.

195 2952 222 2997 ²)
248 2954 292 2990 cf.
321 2954 494 2990 Baehr.
521 2955 582 2989 ed.
610 2951 623 2969 ²
648 2952 744 2999 prol.
773 2963 809 2997 p.
836 2951 969 2987 XXXI
995 2962 1053 2997 sq.
