1942 3380
270 427 325 469 Α.
344 425 399 468 Α.
419 424 525 480 11s9;
549 422 714 479 Apulei
737 420 841 464 Met.
866 419 999 472 Ill11:
1022 417 1271 474 »navigium
1289 416 1520 470 Veneris«;
1544 417 1617 462 vd.
1642 417 1777 463 Birt.
1801 433 1843 477 p.
1867 420 1924 474 5).

269 483 361 527 Sed
402 481 579 524 minime
619 477 953 534 neglegendum
994 485 1064 520 est
1097 475 1325 520 Catullum
1357 474 1480 520 Malli
1516 475 1740 520 fortunam
1773 476 1926 520 adum-

268 543 469 584 brantem
492 537 674 581 eadem
697 535 891 593 imagine
913 534 988 586 uti,
1021 549 1129 591 qua
1160 547 1298 577 suas
1329 532 1518 591 ipsius
1548 533 1927 578 condiciones

268 611 509 654 earumque
549 609 730 639 causam
770 594 1047 637 demonstrat
1089 594 1148 648 (v.
1187 605 1239 648 13
1268 595 1384 649 sqq.)
1455 591 1502 636 In
1544 606 1633 635 uno
1673 591 1927 636 differentia

268 654 510 699 intercedit.
581 653 721 696 Poeta
761 651 876 695 enim
918 650 1022 693 dicit
1061 663 1113 693 se
1153 649 1301 707 ipsum
1341 649 1551 694 fluctibus
1594 650 1807 704 mersari;
1850 649 1926 707 qui

268 722 417 757 autem
449 710 578 755 undis
609 709 822 758 obruitur,
861 707 987 765 brevi
1020 715 1124 751 ante
1154 706 1439 764 naufragium
1469 722 1636 765 passus
1667 716 1750 752 est.
1793 707 1927 752 Unde

268 778 454 828 apparet
477 768 640 812 Catulli
672 768 853 810 fratrem
887 780 973 808 non
1006 765 1146 809 multo
1168 774 1272 809 ante
1293 765 1563 810 decessisse.
1607 765 1673 809 Ita
1707 780 1766 809 ue
1787 773 1924 823 poeta

268 829 308 872 in
341 843 411 870 vv.
449 841 586 882 1-40
617 824 832 869 altissima
864 822 1039 867 tristitia
1071 823 1269 867 imbutus
1300 837 1405 867 esse
1427 823 1618 868 videtur.
1706 823 1784 867 ulli
1807 823 1927 867 enim

267 885 330 929 rei
361 900 411 929 se
443 884 611 928 dedere
642 883 753 934 vult,
803 897 858 925 ne
899 881 1126 925 consuetis
1166 889 1211 925 et
1241 889 1375 925 antea
1406 881 1615 925 dulcibus
1648 881 1831 938 quidem
1865 884 1923 935 (v.

271 957 333 999 19,
367 957 434 999 23,
466 942 561 997 26)!
623 940 800 983 Mallius
840 948 994 983 contra
1035 939 1245 983 fluctibus
1284 938 1374 983 iam
1406 939 1449 982 in
1480 954 1607 983 oram
1640 939 1811 984 eiectus
1842 947 1925 983 est.

268 1001 416 1058 Ipsum
440 1014 552 1055 ergo
574 998 741 1042 doloris
764 997 984 1040 turbinem
1002 996 1449 1042 vehementissimum
1468 1005 1768 1055 superaverat
1788 1005 1928 1054 atque

266 1058 308 1101 in
339 1073 394 1102 eo
426 1066 540 1109 erat,
588 1064 635 1099 ut
667 1055 974 1099 tantummodo
1015 1055 1160 1099 amico
1197 1063 1376 1111 egeret,
1421 1054 1497 1112 qui
1541 1054 1822 1100 debilitatum
1867 1055 1924 1098 ad

298 1116 459 1159 riorem
493 1114 662 1170 vigoris
691 1122 855 1157 statum
889 1112 1120 1168 redigeret
1151 1113 1220 1169 (cf.
1257 1113 1482 1157 Weber.
1504 1128 1557 1214 fp.
1594 1117 1705 1170 107).
1767 1113 1926 1170 Itaque

315 1174 387 1216 alli
432 1171 563 1216 animi
607 1170 925 1215 demissionem
969 1171 1088 1214 haud
1129 1171 1188 1215 ita
1231 1179 1461 1215 recentem
1522 1171 1644 1215 uisse
1675 1179 1787 1229 puto
1817 1179 1927 1225 tum,

266 1246 365 1274 cum
398 1229 579 1274 Catullo
610 1228 800 1287 scripsit.
866 1227 1127 1272 Vexabatur
1167 1237 1318 1273 autem
1358 1229 1445 1272 illis
1486 1229 1647 1273 subitis
1679 1228 1929 1282 doloribus,

265 1289 427 1345 quibus
469 1287 672 1331 homines
715 1302 821 1331 casu
854 1286 1082 1344 inopinato
1113 1286 1310 1344 perculsi
1342 1287 1474 1330 etiam
1507 1295 1612 1345 post
1643 1287 1834 1345 primam
1866 1286 1927 1330 in·

264 1346 485 1390 felicitatis
516 1344 922 1389 consternationem
955 1345 1156 1402 torqueri
1188 1345 1347 1389 solent.
1401 1345 1529 1388 Haec
1560 1344 1677 1389 inter
1703 1345 1929 1402 imagines

266 1404 308 1447 in
340 1419 411 1447 vv.
448 1418 556 1459 1-4
602 1412 647 1447 et
682 1417 734 1460 13
777 1402 975 1460 prolatas
1020 1402 1207 1447 interest
1253 1402 1580 1447 dissimilitudo.
1654 1401 1750 1447 Sed
1796 1417 1926 1460 argu-

265 1470 413 1505 menta
458 1476 612 1504 earum
657 1460 837 1504 minime
881 1460 1103 1504 differunt.
1165 1460 1286 1516 Quia
1323 1469 1475 1504 autem
1516 1475 1603 1504 non
1638 1461 1777 1505 credo
1808 1461 1927 1505 idem

265 1519 544 1577 exemplum,
597 1518 862 1576 praesertim
910 1533 1010 1561 cum
1057 1518 1295 1562 intervallo
1341 1526 1443 1562 octo
1490 1526 1660 1563 tantum
1710 1533 1927 1563 versuum

264 1578 469 1630 iteretur,
525 1577 596 1620 hic
651 1576 785 1620 alium
840 1576 1046 1620 fortunae
1097 1591 1251 1620 casum
1299 1577 1612 1621 demonstrare
1650 1586 1786 1635 atque
1826 1576 1928 1631 illic,

265 1650 429 1679 censeo
461 1634 614 1678 Malli
647 1634 1036 1678 calamitatem
1069 1633 1400 1678 simillimam
1431 1634 1572 1679 fuisse
1596 1633 1765 1679 Catulli
1787 1635 1931 1693 ipsius

265 1707 520 1736 aerumnae.
577 1692 776 1735 Mallium
809 1691 944 1747 igitur
976 1692 1076 1735 dico
1107 1707 1253 1749 aeque
1285 1707 1337 1736 ac
1371 1691 1600 1736 Catullum
1632 1693 1928 1738 funebrem

265 1765 419 1794 casum
466 1758 673 1807 questum
720 1764 835 1801 esse,
884 1749 981 1793 sive
1028 1759 1250 1807 cognatus
1297 1751 1395 1795 eius
1440 1750 1538 1794 sive
1584 1759 1718 1795 notus
1766 1751 1930 1810 aliquis

266 1822 489 1865 carusque
529 1815 717 1851 mortem
762 1807 950 1850 obierat.
1012 1806 1113 1850 Hoc
1153 1816 1304 1851 autem
1346 1823 1446 1852 cum
1487 1809 1723 1866 proposito
1755 1823 1928 1862 omnes,

266 1880 380 1923 quas
426 1880 563 1922 supra
609 1864 838 1919 constitui,
886 1865 1174 1909 condiciones
1206 1865 1375 1923 optime
1407 1875 1676 1924 congruunt.
1738 1866 1931 1911 Amicus

266 1937 379 1979 ergo
425 1923 699 1979 aliquantum
740 1922 956 1980 temporis
996 1931 1100 1980 post
1142 1938 1318 1974 casum,
1363 1939 1465 1968 cum
1497 1923 1672 1969 animus
1704 1925 1928 1969 tristitiam

267 1980 450 2024 eluctari
474 1980 731 2032 eniteretur,
765 1978 946 2024 Catullo
978 1980 1271 2038 »epistolium«
1304 1981 1482 2026 misisse
1503 1981 1694 2036 videtur,
1728 1983 1783 2027 ad
1808 1984 1930 2040 quod

266 2047 399 2096 poeta
432 2039 627 2082 carmine
660 2037 872 2081 LXVIIIa
902 2039 1161 2096 respondet.

656 2399 764 2453 ΙΙΙ.
804 2400 884 2452 De
920 2399 1186 2453 versibus
1222 2398 1307 2466 516
1343 2402 1402 2454 et
1440 2398 1536 2466 718.

405 2498 470 2542 Ex
503 2499 581 2551 eis,
614 2515 731 2557 quae
763 2501 996 2559 superiore
1018 2501 1150 2546 huius
1172 2501 1488 2560 disputationis
1510 2510 1641 2560 parte
1663 2502 1931 2561 disceptavi-

268 2571 379 2612 mus,
398 2565 520 2614 patet
533 2557 740 2602 versibus
753 2559 869 2616 5—8
884 2559 1054 2612 referri,
1072 2568 1352 2624 quantopere
1369 2559 1446 2604 illo
1464 2575 1571 2604 casu
1591 2561 1789 2605 adverso
1806 2560 1931 2605 Malli

266 2628 430 2678 corpus
471 2615 736 2673 animusque
768 2616 930 2660 affecta
962 2617 1061 2661 sint.
1124 2616 1359 2662 Subtiliter
1390 2617 1528 2674 igitur
1559 2618 1929 2676 distinguendum

266 2680 335 2735 est
367 2680 481 2716 inter
512 2672 656 2730 ipsum
688 2687 832 2729 grave
864 2674 1148 2719 infortunium
1181 2675 1309 2719 amici
1342 2677 1434 2731 (vv.
1464 2678 1591 2733 1—4)
1624 2685 1670 2721 et
1694 2677 1811 2721 inter
1833 2676 1933 2722 eius

267 2730 548 2774 incommoda
569 2745 625 2774 ex
658 2731 731 2775 illa
763 2732 1015 2777 calamitate
1048 2741 1163 2777 nata.
1207 2733 1341 2788 Quae
1363 2733 1595 2778 enuntiato
1616 2734 1808 2779 relativo
1839 2739 1930 2788 (vv.

296 2787 396 2841 —8)
425 2788 500 2851 ’ad
548 2788 653 2831 illud
700 2789 984 2847 »naufragum
1020 2827 1027 2834 .
1064 2826 1072 2834 .
1107 2827 1115 2835 .
1154 2791 1365 2835 eiectum«
1411 2806 1590 2836 annexo
1633 2792 1929 2851 explicantur.

265 2801 522 2900 &uominus
553 2855 702 2890 autem
735 2848 817 2890 hac
846 2848 1068 2892 sententia
1089 2848 1279 2893 relativa
1300 2863 1498 2902 causam,
1532 2865 1622 2908 qua
1642 2849 1930 2908 »naufragus«

265 2902 409 2967 factus
439 2903 496 2948 sit
527 2903 709 2959 amicus,
742 2905 931 2969 proponi
997 2914 1198 2959 utemus,
1242 2906 1495 2952 indicativis
1525 2908 1781 2966 praesentis
1811 2924 1928 2967 »per-

266 2969 447 3017 petitur«
479 2969 524 3005 et
545 2962 804 3006 »oblectante
829 2921 1111 3021 impedimur,
1143 2979 1244 3009 cum
1266 2964 1381 3009 ratio
1402 2965 1598 3010 causalis
1619 2966 1771 3024 potius
1792 2967 1931 3012 modo
