1942 3380
261 403 300 444 in
345 401 415 443 ina
458 397 639 455 capsula
680 396 862 449 suerint,
905 395 1153 446 nescimus,
1191 409 1292 439 cum
1333 403 1410 440 aut
1451 394 1618 440 Catulli
1646 394 1801 460 ipsius
1840 409 1897 439 au

257 458 443 502 aiiorum
498 463 676 499 oemata
700 454 852 510 sagire
875 453 1018 498 liceat.
1082 452 1176 497 Sed
1201 461 1371 497 certum
1395 461 1464 497 est
1487 453 1738 497 recentiora
1759 467 1902 510 opera

261 515 407 572 qualia
491 514 620 557 allius
651 520 890 570 optaverat
909 511 990 576 (cf.
1025 526 1065 568 p.
1098 516 1185 567 31),
1217 510 1370 555 fuisse.

395 572 485 627 Qui
532 580 681 615 autem
737 570 850 613 falso
907 569 1016 633 ipsis
1071 567 1280 613 versibus
1329 582 1446 626 15-
1459 582 1515 625 32
1560 568 1702 612 duas
1754 581 1918 625 preces

258 646 309 695 pr
311 644 443 674 orsus
465 637 694 672 recusatas
712 643 815 671 esse
833 626 1161 679 existimabant,
1180 626 1499 670 succedentem
1517 633 1691 684 partem
1709 625 1919 683 (33—36)

259 688 449 732 diversis
481 686 625 730 modis
656 685 1037 749 explanaverunt:

401 760 433 788 1.
467 743 708 801 Vulpius
740 757 930 800 primum
973 742 1057 795 (ed.
1087 756 1127 799 p
1161 743 1264 798 392)
1308 740 1552 786 arbitratus
1585 750 1653 785 est
1687 739 1930 786 Catullum.

259 802 464 846 xersibus
496 817 569 859 33
575 802 667 857 -36
710 815 832 858 prius
876 801 1016 843 dicta:
1064 814 1114 843 se
1154 799 1405 843 versiculos
1451 799 1697 843 amatorios
1740 799 1932 864 mitterer

259 876 343 904 non
387 875 539 917 posse,
585 859 625 902 in
666 859 798 902 finem
842 867 1071 914 tamquam
1110 872 1254 901 nova
1295 871 1467 901 causa
1506 856 1663 900 fulcire
1702 856 1931 910 voluisse,

257 933 356 962 cum
389 917 679 961 contenderet
711 916 793 960 sibi
826 930 986 959 omnes
1018 915 1201 959 libros
1233 914 1412 967 deesse,
1445 914 1609 971 quibus
1640 915 1696 958 ad
1719 913 1919 959 carmina

258 976 329 1019 illa
362 975 600 1033 pangenda
632 974 864 1039 indigeret
928 973 1119 1017 Videtur
1149 987 1263 1037 ergo
1297 971 1537 1030 Vulpius
1565 972 1800 1037 putavisse
1833 967 1942 1023 Ca&

259 1033 366 1077 tullo
398 1033 454 1076 ad
487 1032 854 1096 compositionem
888 1045 1119 1083 versuum,
1151 1030 1333 1088 »quibus
1366 1030 1560 1074 Manlius
1600 1045 1790 1074 amicam
1830 1027 1942 1088 pla-.

258 1106 361 1135 care
394 1099 829 1148 posset<,1mmenso
862 1090 1077 1133 librorum
1110 1104 1166 1146 ap
1202 1097 1331 1132 aratu
1363 1102 1480 1152 opus
1511 1087 1942 1132 fuisse..

394 1163 432 1191 2
468 1148 591 1191 Alii
624 1147 787 1191 deinde
821 1162 892 1191 vv.
925 1161 1030 1204 33-
1001 1147 1099 1204 -36
1130 1104 1198 1190 ad)
1219 1146 1359 1190 libros
1391 1161 1416 1190 e
1439 1145 1712 1190 bibliotheca
1737 1145 1924 1204 Catulli,

257 1220 370 1270 quos
402 1206 581 1249 Mallius
613 1214 847 1269 praeter
877 1205 1075 1249 carmina
1117 1204 1335 1250 amatoria
1366 1204 1407 1247 in
1442 1218 1483 1247 ν.
1520 1218 1573 1247 10
1604 1203 1743 1261 petita
1774 1204 1920 1262 requi·

260 1263 453 1312 sivisset,
486 1264 741 1307 referebant
773 1263 848 1313 (ita
881 1263 939 1306 A.
963 1262 1219 1306 Weisius
1251 1277 1316 1327 pr.
1344 1262 1454 1319 1863
1485 1276 1528 1319 p.
1549 1278 1590 1319 4,
1624 1261 1921 1320 Westpha-

258 1322 367 1365 lius
399 1337 440 1378 p.
472 1322 618 1377 69l70,
652 1321 850 1364 Munro
883 1336 924 1377 p.
956 1335 1044 1378 ¹75·
1079 1320 1226 1364 Ellis.
1259 1335 1302 1363 m
1325 1334 1486 1363 comm
1516 1334 1558 1377 p.
1581 1333 1666 1378 325
1688 1320 1809 1364 adv.
1832 1321 1920 1378 33).

395 1393 433 1435 3.
468 1378 703 1422 Riesius
734 1379 928 1434 denique
960 1386 1017 1435 (..p
1040 1384 1141 1434 224)
1156 1382 1186 1430 ¹)
1209 1377 1438 1422 Catullum
1461 1392 1543 1435 per
1565 1392 1727 1443 versus
1752 1392 1856 1436 15—
1864 1391 1921 1443 32

276 1452 458 1480 munera
491 1447 535 1480 et
558 1436 790 1501 Musarum
823 1445 868 1479 et
890 1436 1100 1480 Veneris«
1132 1435 1378 1493 negavisse
1409 1435 1595 1490 censuit,
1629 1436 1651 1479 i.
1675 1450 1714 1479 e.
1737 1450 1921 1494 propria

258 1509 372 1538 nova
417 1494 613 1538 carmina
655 1494 800 1537 amico
844 1493 1168 1551 componenda.
1240 1493 1360 1548 Quia
1404 1501 1553 1537 autem
1598 1493 1781 1538 Mallius
1826 1502 1920 1538 tum

259 1568 283 1594 x
296 1552 581 1595 etustiora
613 1552 810 1595 carmina
843 1552 915 1595 vel
949 1550 1115 1596 Catulli
1148 1552 1219 1595 vel
1252 1551 1481 1595 aliorum>
1473 1555 1737 1608 »νεωτέρων
1762 1560 1922 1609 petere

259 1610 413 1667 potuit,
447 1618 626 1674 poetam
661 1609 868 1653 versibus
899 1623 1012 1666 33——
1016 1610 1082 1666 36,
1116 1624 1215 1652 cum
1258 1609 1371 1652 haec
1412 1624 1600 1674 quoque
1634 1624 1685 1653 se
1723 1609 1922 1654 deficere

258 1669 579 1724 pronuntiaret,
612 1667 713 1711 talis
745 1667 1036 1723 flagitationis
1057 1667 1343 1711 occasionem
1367 1682 1393 1711 a
1415 1682 1633 1724 principlo
1655 1667 1920 1712 abscidisse.

258 1726 322 1769 At
353 1734 667 1782 praeterquam
701 1725 821 1789 quod
843 1725 1097 1768 recentiora
1125 1733 1336 1783 poemata
1359 1724 1526 1769 Catulli
1549 1740 1574 1769 a
1598 1724 1923 1770 vetustioribus

258 1783 527 1840 quibusdam
581 1783 665 1826 illis
717 1797 826 1847 ipsis
872 1783 1081 1826 versibus
1126 1797 1211 1826 nus
1246 1797 1349 1826 uam
1398 1783 1519 1827 clare
1571 1783 1921 1848 distinguuntur,

259 1855 497 1905 perperam
529 1856 555 1883 a
578 1840 641 1883 R
633 1855 777 1884 lesio
808 1840 1087 1897 propositum
1112 1849 1183 1884 est
1254 1840 1406 1884 allium
1429 1841 1683 1898 rogavisse,
1717 1850 1766 1886 ut
1786 1849 1923 1900 poeta

259 1898 341 1942 sibi
375 1898 605 1955 propria
637 1913 754 1941 ηον3
786 1906 997 1955 poemata
1029 1907 1253 1956 pangeret
1284 1898 1354 1948 (cf.
1387 1913 1464 1956 pg.
1496 1906 1582 1955 32).

398 1956 461 1999 Illi
493 1965 657 2009 autem,
690 1955 764 2012 qui
797 1964 918 1999 recte
949 1971 993 1999 in
1026 1971 1097 1999 vv.
1136 1970 1239 2013 15—
1247 1970 1303 2013 32
1343 1957 1489 2000 sola»
1474 1971 1680 2021 »munera
1712 1956 1923 2001 Veneris«

261 2014 438 2057 tractari
472 2014 827 2067 declaraverant,
860 2014 941 2057 sed
975 2022 1253 2065 erraverant,
1286 2028 1388 2058 cum
1421 2029 1475 2058 ea
1497 2014 1750 2058 carmina
1780 2029 1923 2059 ama-

259 2071 405 2114 toria
437 2086 541 2115 esse
573 2072 762 2123 vellent,
794 2071 936 2116 coacti
969 2080 1093 2124 sunt,
1128 2080 1175 2115 ut
1203 2087 1274 2115 vv.
1309 2073 1484 2136 33-36
1514 2072 1571 2115 ad
1604 2087 1765 2138 preces
1799 2072 1923 2117 Malli

261 2129 317 2172 de
351 2130 629 2172 >muneribus
662 2129 912 2173 Musarum«
950 2129 975 2173 i.
1009 2145 1047 2174 e
1085 2130 1142 2173 de
1175 2129 1529 2195 carminibus
1560 2130 1750 2174 doctis
1781 2130 1924 2175 factas

258 2187 538 2244 respondere
584 2188 778 2230 animum
826 2187 1100 2232 inducerent.
1169 2186 1262 2231 Sed
1310 2187 1407 2245 ipsa
1454 2203 1569 2232 voce
1616 2188 1923 2245 »scriptorum«

349 2249 421 2301 3)
454 2245 634 2288 minime
666 2245 845 2289 docta
877 2253 1087 2302 poemata
1108 2245 1348 2310 designari
1381 2254 1568 2289 constat.
1633 2246 1789 2303 Atque
1820 2261 1923 2291 cum

258 2251 322 2345 sic
349 2259 563 2346 3atullus
595 2302 637 2346 in
670 2318 741 2346 vv.
780 2317 947 2360 15—32
979 2303 1177 2347 carmina
1218 2303 1385 2347 etiam
1431 2305 1822 2361 componenda
1858 2319 1924 2349 re·

259 2374 419 2404 cusare
465 2361 763 2425 existimetur,
811 2375 915 2418 quia
962 2376 1016 2404 ea
1062 2362 1160 2405 sola
1205 2361 1331 2405 fratis
1377 2370 1522 2405 morte
1568 2362 1777 2406 excusari
1823 2376 1924 2428 ρο3-

258 2427 373 2470 sunt,
419 2419 576 2461 mirum
622 2418 662 2461 in
701 2419 883 2462 modum
919 2427 1209 2484 opponuntur
1249 2427 1460 2477 poemata
1494 2418 1703 2463 lascivi
1740 2420 1925 2477 generis

259 2475 466 2519 dehinc
498 2477 739 2533 pangenda
770 2476 958 2520 doctis
990 2476 1173 2533 elegiis,
1206 2491 1321 2534 quas
1352 2485 1520 2521 antea
1557 2476 1665 2521 iam
1698 2478 1925 2535 perfectas

259 2547 361 2577 esse
394 2533 568 2598 Romae
600 2534 724 2578 urbis
755 2534 980 2578 mentione
1013 2534 1263 2578 exhibetur.
1327 2534 1458 2590 Quas
1488 2535 1736 2579 sententias
1764 2550 1924 2581 omnes

259 2590 389 2634 simul
422 2591 464 2635 in
497 2591 731 2636 vocibus»
716 2606 922 2636 »munera
948 2600 993 2636 et
1015 2592 1248 2637 Musarum
1271 2601 1316 2636 et
1339 2592 1548 2637 Veneris«
1569 2598 1627 2645 (ν.
1656 2596 1724 2646 10)
1746 2594 1925 2639 abditas

260 2662 363 2692 esse
395 2649 499 2692 mihi
532 2649 714 2706 quidem
747 2664 834 2693 non
866 2650 1178 2715 persuadetur.

399 2706 592 2751 Perinde
631 2715 782 2751 autern
823 2722 911 2751 non
943 2707 1273 2772 admittendum
1315 2715 1386 2752 est
1426 2708 1708 2766 propositum
1751 2723 1923 2762 eorum,

259 2763 334 2820 qui
357 2772 514 2821 putant
537 2763 779 2817 Catullum,
811 2779 912 2809 cum
945 2765 987 2809 in
1017 2780 1090 2809 vv.
1128 2779 1296 2830 15—32
1327 2780 1535 2823 parvas
1566 2780 1750 2823 nugas
1780 2765 1926 2811 amico

259 2821 596 2879 componendas
642 2823 945 2877 recusaverit,
998 2830 1091 2866 tum
1139 2838 1181 2867 m
1229 2839 1301 2867 vv.
1348 2825 1523 2881 33-36
1573 2823 1923 2878 artificiosa,

403 2948 426 2992 ¹)
453 2950 492 2985 ld
519 2950 635 2986 etiam
662 2950 709 2986 H.
738 2950 931 2986 Monsio
958 2950 1008 2997 (p.
1038 2955 1094 2997 15)
1119 2953 1316 2997 probatur.
