1942 3380
200 782 330 828 Multi
371 796 554 835 eorum,
601 780 677 838 qui
721 781 805 825 hac
847 788 999 824 aetate
1040 778 1323 836 sexagesimi
1365 778 1517 822 octavi
1549 778 1766 823 carminis

59 843 228 890 Catulli
280 840 599 886 tractationem
653 848 982 898 susceperunt,
1035 839 1079 883 in
1133 837 1336 883 exordiis
1388 838 1764 883 dissertationum

58 901 382 948 excusationes
414 900 675 952 attulerunt,
720 915 800 943 cur
832 899 1070 943 materiem
1103 907 1196 942 tarn
1227 913 1370 956 saepe
1397 898 1765 955 pervestigatam

57 969 333 1021 repeterent.
398 959 532 1015 Quos
574 958 738 1002 merito
780 958 961 1002 veniam
994 957 1238 1015 rogavisse
1270 972 1407 1014 nego,
1452 957 1557 1016 quia
1590 957 1661 1000 ius
1694 966 1766 1001 est

31 1021 351 1078 ·officiumque
392 1018 735 1077 philologorum
785 1018 1017 1074 incognita
1067 1017 1203 1062 etiam
1252 1025 1390 1074 atque
1433 1017 1570 1061 etiam
1613 1017 1766 1060 denuo

59 1080 280 1138 aggredi,
324 1079 408 1123 etsi
450 1077 898 1136 inexsuperabilibus
938 1076 1030 1120 vim
1073 1076 1240 1121 afferre
1281 1076 1509 1121 videntur.
1573 1076 1694 1120 Nam
1727 1075 1766 1119 si

57 1139 240 1185 fastidio
273 1146 410 1191 esset,
446 1138 744 1181 conturbatas
779 1146 824 1181 et
857 1145 1092 1181 contortas
1124 1151 1201 1180 res
1234 1135 1487 1194 explicare,
1529 1150 1765 1194 nunquam

59 1200 266 1259 profecto
300 1198 554 1242 litterarum
587 1196 739 1240 studia
770 1196 1092 1254 procederent,
1126 1196 1208 1240 sed
1234 1196 1480 1239 haererent
1501 1195 1545 1239 in
1569 1195 1768 1253 antiquis

58 1259 292 1316 falsisque.
356 1257 517 1314 Itaque
563 1255 699 1299 etiam
741 1256 799 1299 de
840 1255 910 1299 his
951 1264 1043 1299 tam
1082 1254 1343 1299 difficilibus
1382 1255 1640 1313 amplisque
1674 1270 1768 1299 car-

61 1317 194 1362 minis
217 1315 411 1360 LXVIII
441 1314 788 1373 quaestionibus
821 1330 910 1358 non
943 1314 1048 1359 licet
1080 1315 1333 1372 desperare
1366 1322 1505 1372 atque
1538 1314 1767 1368 desidere,

60 1376 334 1443 praesertim
386 1390 487 1418 curn
548 1375 736 1430 longam
779 1373 1140 1432 disputationum
1185 1373 1353 1418 seriem
1401 1374 1769 1432 contemplantes

59 1436 383 1492 intellegamus
424 1434 548 1477 haud
595 1433 793 1490 exiguos
840 1447 1122 1491 progressus
1165 1433 1208 1477 in
1243 1433 1518 1491 explicando
1551 1442 1768 1492 poemate

59 1495 207 1540 factos
240 1509 359 1538 esse.

204 1552 395 1610 Antiqui
428 1552 547 1596 enim
581 1560 970 1596 commentatores
1002 1567 1165 1596 omnes
1198 1551 1309 1595 illud
1342 1567 1528 1596 carmen
1563 1567 1589 1596 e
1613 1567 1768 1596 manu-

62 1612 244 1679 scriptis
294 1612 365 1668 (cf.
409 1626 508 1669 cap.
545 1610 622 1665 VI)
674 1626 851 1654 unum
903 1610 1236 1668 continensque
1279 1626 1386 1655 esse
1430 1612 1771 1656 arbitrabantur

63 1672 197 1716 nimis
219 1672 384 1730 partim
409 1670 640 1714 variorum
664 1678 1043 1727 argumentorum
1067 1669 1447 1728 compositionem
1473 1671 1769 1716 admirantes.

62 1732 228 1790 Neque
261 1731 313 1774 L.
347 1729 692 1781 Santenius,
728 1729 804 1787 qui
838 1738 886 1773 a⁰
927 1730 1040 1786 1788
1072 1730 1270 1787 elegiam
1304 1730 1477 1774 Manlio
1510 1730 1771 1775 dedicatam

94 1789 250 1848 ropria
294 1788 538 1833 illustravit
583 1788 971 1833 commentatione
1012 1788 1087 1845 (C.
1120 1788 1279 1833 Valeri
1313 1788 1483 1833 Catulli
1518 1790 1670 1847 elegia
1712 1791 1771 1834 ad

62 1806 300 1900 R‘lanlium,
346 1848 497 1905 Lugd.
530 1847 672 1904 Bat.),
719 1847 968 1906 quidquam
1004 1848 1126 1892 aliud
1159 1848 1203 1892 in
1236 1848 1555 1907 quaestionem
1588 1850 1772 1894 vocavit

63 1908 148 1953 nisi
189 1908 476 1967 singularum
517 1922 682 1951 vocum
725 1907 959 1952 lectiones.
1025 1907 1206 1952 Primus
1249 1915 1402 1952 autem
1445 1908 1503 1952 A.
1548 1908 1771 1953 Rodius

63 1967 107 2012 in
149 1968 289 2022 libro,
332 1967 408 2024 qui
450 1966 713 2011 inscribitur
742 1966 1147 2025 »Philosophische
1188 1968 1280 2011 und
1323 1968 1498 2012 andere
1539 1967 1771 2013 Gedichte

65 2042 148 2072 aus
195 2027 299 2071 dem
334 2026 677 2070 Lateinischen«
719 2025 981 2083 (Hamburg
1019 2027 1166 2084 1786),
1217 2027 1275 2071 de
1318 2028 1532 2071 carminis
1574 2027 1772 2073 LXVIII

64 2087 237 2130 unitate
269 2085 495 2129 dubitavit
526 2088 584 2143 (p.
617 2085 705 2139 81).
752 2084 994 2129 Convertit
1027 2085 1146 2130 enim
1180 2087 1307 2130 solos
1340 2102 1413 2131 vv.
1452 2102 1608 2145 1—40,
1643 2088 1767 2146 quod

65 2145 326 2190 absolutum
373 2159 558 2188 carmen
604 2159 709 2188 esse
754 2145 946 2189 duceret
989 2145 1059 2201 (cf.
1103 2144 1450 2190 Gurlittium
1492 2146 1535 2190 in
1567 2146 1773 2192 »Catulls

66 2204 279 2263 epischer
311 2202 507 2262 Gesang
540 2219 582 2247 v.
616 2204 658 2247 d.
693 2202 959 2261 Vermahlg.
994 2205 1078 2249 des
1113 2204 1281 2249 Peleus
1304 2221 1346 2250 u.
1372 2206 1414 2250 d.
1439 2205 1623 2250 Thetis«
1645 2207 1773 2266 Lips.

70 2264 180 2322 1787
203 2279 245 2321 p.
269 2264 353 2318 6!).
400 2262 452 2307 C.
490 2263 799 2307 Ramlerus
832 2263 1032 2319 deinde1)
1057 2264 1305 2318 (»Katullus
1323 2265 1366 2309 in
1386 2281 1423 2310 e.
1444 2265 1673 2324 Auszuge
1696 2268 1771 2311 lat.

65 2338 107 2367 u.
132 2322 346 2367 deutsch«
368 2322 491 2381 Lips.
520 2337 634 2380 1793
656 2338 698 2381 p.
727 2338 810 2366 120
832 2325 952 2381 sqq.)
975 2339 1064 2367 non
1099 2325 1237 2367 modo
1270 2325 1388 2369 hanc
1422 2325 1772 2370 disiunctionem

65 2381 264 2426 firmavit
295 2382 540 2426 statuendo
570 2397 643 2426 vv.
672 2397 814 2438 1—40
846 2382 1071 2427 litterulas
1105 2398 1224 2436 esse,
1260 2399 1376 2442 quas
1399 2399 1458 2428 ex
1483 2385 1772 2442 argumentis

67 2455 93 2484 a
114 2441 416 2498 sequentibus
439 2441 635 2485 discerni
659 2450 909 2499 oporteret,
934 2442 1017 2486 sed
1037 2442 1173 2486 etiam
1198 2458 1273 2487 vv.
1296 2458 1351 2500 41
1369 2445 1505 2487 -160
1527 2460 1553 2488 e
1576 2445 1774 2490 diversis

67 2500 341 2558 quibusdam
417 2500 590 2544 artibus
632 2500 973 2556 conglutinatos
1015 2501 1182 2555 voluit,
1229 2517 1333 2546 curn
1378 2503 1685 2561 distingueret
1727 2513 1774 2549 et

66 2559 290 2617 poematis
313 2560 371 2603 de
384 2516 641 2604 lLaodamia
663 2560 918 2617 reliquias2)
941 2562 1136 2618 (73-—90
1157 2561 1215 2618 -1-
1243 2576 1377 2605 101—
1392 2566 1491 2620 132)
1516 2571 1561 2607 et
1583 2579 1771 2608 carmen

213 2676 235 2721 ¹)
263 2678 348 2714 Non
374 2690 469 2725 ergo
497 2679 791 2724 Ramlerus,
819 2686 860 2716 ut
886 2680 1065 2727 plerique
1091 2680 1234 2726 dicunt,
1262 2688 1397 2718 auctor
1416 2682 1566 2719 exstitit
1591 2683 1772 2720 seiuncti·

67 2724 163 2761 onis.
212 2725 313 2761 Nam
350 2726 451 2762 inter
485 2738 533 2762 ea
567 2733 771 2773 poemata,
807 2739 908 2773 quae
942 2727 1005 2764 ille
1037 2728 1075 2763 in
1105 2728 1305 2764 »Berliner
1330 2729 1648 2766 Monatssehrift«
1679 2733 1770 2777 1784

67 2772 260 2809 convertit
285 2785 308 2808 e
334 2773 486 2819 Latino,
513 2786 542 2810 c.
571 2774 732 2810 LXVIII
758 2786 836 2810 non
862 2775 1030 2820 reperiri
1055 2775 1141 2821 ipse
1168 2775 1259 2811 vidi.

208 2817 235 2864 ²)
262 2819 432 2857 Putabat
457 2821 560 2857 enim
579 2822 664 2857 fieri
683 2834 761 2858 non
780 2822 967 2868 potuisse.
986 2829 1028 2858 ut
1047 2822 1222 2859 Catullus
1242 2823 1440 2870 Lesbiam,
1467 2836 1570 2871 quae
1588 2825 1774 2861 maritum

69 2866 252 2912 deseruit,
289 2879 376 2904 cum
414 2869 492 2905 fida
527 2869 743 2905 Laodamia
781 2869 974 2905 conferret
1012 2876 1130 2917 atque
1169 2870 1222 2906 ita
1263 2872 1413 2917 pudore
1451 2873 1639 2909 afficeret.
1691 2873 1771 2909 Sed

68 2918 226 2959 poetam
251 2926 328 2950 non
353 2915 609 2952 Laodamiam
635 2929 723 2953 cum
749 2917 904 2961 Lesbia,
931 2918 1002 2953 sed
1027 2919 1231 2954 ardentem
1249 2919 1454 2966 utriusque
1474 2931 1653 2956 amorem
1672 2933 1774 2956 com-

69 2961 274 3007 paravisse
299 2962 376 2999 iam
403 2964 451 2999 A.
477 2963 705 3000 Weisi-us
732 2964 785 3009 (in
812 2976 870 3011 pr.
898 2965 1090 3012 Naumbg.
1121 2967 1212 3011 1863
1237 2977 1302 3012 pg.
1332 2968 1389 3013 14)
1417 2967 1613 3013 cognovit.

1490 3039 1506 3062 1
