1942 3380
934 275 1218 319 -28-

243 407 412 451 eisdem
446 405 575 449 donis
606 404 720 448 duas
753 403 1039 448 condiciones
1070 402 1250 448 referri:
1295 416 1453 448 eorum
1495 411 1544 447 ut
1575 402 1802 447 Venerem
1847 401 1910 446 ita

242 464 397 508 Musas
428 471 639 507 auctores
671 462 823 514 fuisse,
858 460 1026 505 nullum
1061 460 1208 504 locum
1241 459 1406 505 afferre
1437 467 1692 518 potuerunt,
1725 474 1816 517 quo
1848 458 1910 518 ip-

242 537 391 566 sorum
426 537 453 565 o
489 520 620 564 inioni
662 519 1002 564 fundamentum
1042 518 1278 564 iaceretur.
1340 517 1475 574 Quae
1517 517 1635 563 enim
1680 517 1739 561 ad
1778 532 1821 562 v.
1858 531 1911 561 10

242 579 423 638 protulit
508 579 689 623 iesius
721 578 763 622 in
796 593 837 635 p.
871 591 959 620 220
988 576 1119 632 (Hor.
1144 575 1432 631 Carm.1l1l1
1456 590 1480 620 s
1517 592 1548 620 .:
1581 575 1844 620 »Maecenas
1865 609 1908 619 ..
1940 585 1942 636 l

242 647 286 681 et
308 636 584 695 praesidium
607 644 652 680 et
674 636 806 679 dulce
829 635 970 679 decus
991 649 1184 687 meum«;
1208 633 1298 679 Ov.
1322 633 1430 679 Met.
1453 633 1491 678 ΙΙ
1516 634 1622 689 1266
1642 642 1688 678 et
1709 632 1909 691 Vll524),
1941 637 1942 658 ³

241 696 297 739 ad
330 695 465 739 talem
498 694 898 746 constructionem,
941 692 1087 749 qualis
1127 692 1171 736 in
1203 692 1278 737 illo
1310 706 1447 737 versu
1480 690 1647 736 Catulli
1678 691 1911 750 proposita
1940 700 1942 729 ἱ

241 764 310 797 est
356 753 628 810 qualemque
662 751 884 795 Birtius
928 749 1159 799 tractavit.
1203 765 1292 795 non
1336 750 1561 808 pertinent
1592 750 1787 807 ideoque
1818 749 1909 793 inu-

242 811 333 855 tilia
364 818 478 854 sunt.

381 879 468 923 Pro
501 887 626 923 certo
658 878 795 934 igitur
829 878 959 922 nobis
990 878 1248 922 habendum
1280 886 1350 922 est
1380 878 1422 922 in
1455 892 1593 922 versu
1615 877 1792 922 decimo
1814 892 1907 921 car-

240 937 370 980 minis
411 936 602 980 LXVIII
640 951 844 980 »munera
886 935 1097 980 Veneris«
1136 944 1181 980 et
1220 950 1429 980 »munera
1467 935 1720 980 Musarum«
1759 935 1910 979 distin-

240 995 422 1051 guenda
468 1009 570 1039 esse
615 994 682 1050 (cf.
725 994 856 1038 Birt.
898 1009 940 1052 p.
980 1009 1027 1051 7;
1072 993 1353 1038 Skutsch.
1396 994 1438 1038 in
1480 993 1757 1040 »Rh.⁴Mus.<‹
1799 993 1942 1050 1892?

239 1068 281 1117 p..
319 1054 428 1108 146).
493 1052 727 1110 Loquendi
774 1053 890 1096 enim
943 1066 1027 1096 usu
1079 1052 1136 1096 ad
1188 1053 1304 1096 hanc
1355 1051 1718 1110 explanationem
1771 1052 1909 1096 addu-

239 1125 391 1154 cimur.

378 1184 472 1229 Sed
515 1185 601 1229 alia
648 1186 782 1229 etiam
830 1201 967 1230 eausa
1014 1194 1183 1237 exstat,
1243 1201 1323 1229 cur
1371 1186 1444 1229 illa
1493 1199 1681 1229 munera
1726 1199 1778 1229 se
1813 1199 1909 1228 ara-

240 1243 316 1286 tim
359 1243 596 1308 percipere
636 1243 800 1287 malim.
864 1244 980 1287 Nam
1025 1243 1236 1288 versibus
1271 1244 1387 1302 5—ss
1427 1243 1571 1287 duas
1612 1243 1755 1287 malas
1837 1242 1910 1286 alli

239 1301 525 1345 condiciones
571 1301 765 1346 describi
812 1302 1028 1355 vidimus,
1076 1302 1239 1359 quibus
1279 1316 1330 1346 se
1370 1301 1528 1346 vexari
1569 1300 1644 1346 ille
1690 1315 1791 1345 cum
1825 1300 1910 1346 Ca·

240 1359 350 1402 tullo
402 1360 836 1403 communicaverat:
903 1366 941 1415 1)
985 1360 1068 1404 sibi
1124 1360 1258 1404 simul
1314 1374 1415 1404 cum
1467 1359 1651 1404 Venere
1700 1373 1909 1403 somnum

239 1417 403 1461 deesse
435 1426 479 1461 et
511 1419 554 1472 2)
583 1417 790 1462 levandis
820 1418 1026 1461 insomnii
1059 1417 1331 1462 cruciatibus
1362 1426 1467 1475 apta
1497 1425 1736 1482 poetarum
1768 1431 1910 1475 opera

240 1490 326 1518 non
379 1483 563 1533 praesto
615 1487 728 1519 esse.
799 1475 953 1533 Atque
994 1491 1095 1520 cum
1140 1476 1364 1519 neminem
1410 1475 1555 1532 fuglat
1600 1490 1784 1520 versum
1836 1475 1908 1519 de-

239 1533 401 1576 cimum
434 1533 507 1577 illa
539 1534 679 1577 verba
717 1533 965 1591 respicere,
1014 1533 1119 1591 quia
1158 1548 1298 1577 voces
1330 1547 1552 1577 summam
1585 1533 1909 1578 sententiarum

239 1591 520 1635 continentes
557 1591 768 1647 (»Venus«
798 1606 826 1649 5
859 1619 913 1624 —
945 1591 1142 1636 >*Musae‹<
1175 1606 1199 1649 7
1241 1617 1281 1624 -
1327 1591 1598 1636 »Musarum«
1634 1606 1687 1636 10
1723 1619 1767 1624 —
1803 1590 1907 1635 »Ve-

239 1649 377 1692 neris«
405 1651 472 1704 10)
494 1664 578 1707 per
599 1649 847 1693 chiasmum
881 1652 1088 1706 gravitur
1118 1658 1384 1707 repetuntur
1416 1650 1485 1706 (cf.
1507 1648 1769 1694 Schulzii
1800 1649 1909 1694 diss.

239 1722 281 1764 p.
319 1707 372 1750 18
401 1722 424 1751 s
459 1722 525 1764 q.;
570 1707 975 1751 Hoerschelm.
1008 1722 1085 1765 pg.
1116 1708 1146 1751 8
1176 1716 1222 1751 et
1257 1722 1329 1765 17;
1363 1707 1624 1752 Thomas.
1658 1722 1818 1752 comm.
1851 1708 1911 1752 ad

238 1780 280 1807 v.
319 1779 391 1815 10;
492 1765 815 1809 kutschium
856 1766 882 1808 l.
923 1781 958 1809 c.
1005 1781 1047 1823 p.
1086 1767 1205 1822 146),
1250 1780 1440 1810 necesse
1472 1774 1542 1810 est
1574 1766 1700 1810 illis
1731 1766 1911 1810 duabus

240 1822 462 1887 inopiis
494 1823 658 1867 binas
689 1823 854 1867 amici
887 1838 1094 1881 preces
1125 1838 1219 1867 res
1270 1824 1497 1868 ondere.
1546 1824 1664 1868 Nam
1696 1823 1780 1868 etsi
1811 1822 1910 1867 fieri

239 1889 443 1937 potuisse
475 1881 712 1934 concedas,
748 1889 794 1924 ut
828 1880 1055 1934 Catullus,
1098 1882 1135 1925 si
1166 1882 1324 1935 velet,
1370 1882 1551 1926 duobus
1581 1881 1710 1926 amici
1742 1882 1909 1939 optatis

239 1953 328 1981 uno
359 1938 506 1982 officio
538 1939 839 1992 satisfaceret,
881 1948 1033 1983 tamen
1065 1939 1106 1983 iri
1140 1939 1216 1983 illo
1247 1955 1398 1993 versu,
1442 1940 1532 1993 ubi,
1577 1955 1695 1997 quae
1728 1939 1911 1984 Mallius

240 1996 450 2053 petiverit
482 1996 717 2049 levamina,
751 1996 989 2050 indicatur,
1022 1998 1270 2042 secundum
1304 1998 1511 2043 diversas
1543 2012 1784 2042 aerumnas
1815 1999 1911 2056 (5l6

239 2062 283 2097 et
316 2055 406 2110 7l8)
455 2054 662 2099 diversas
704 2070 864 2113 preces
911 2064 1223 2100 enumeratum
1265 2056 1314 2100 iri
1348 2056 1704 2114 exspectandum
1736 2064 1807 2100 est
1837 2056 1908 2113 (cf.

239 2111 630 2157 Hoerschelm.
665 2128 706 2171 p.
744 2119 824 2170 19.)

378 2187 690 2242 Quamobrem
713 2188 894 2232 minime
913 2188 1017 2232 mihi
1037 2189 1217 2246 placent
1237 2189 1398 2233 iudicia
1415 2204 1585 2239 eorum,
1608 2189 1685 2246 qui
1701 2203 1908 2233 »munera

241 2245 471 2289 Musarum
506 2255 550 2290 et
581 2246 792 2291 Veneris«
825 2246 992 2291 unius
1023 2246 1209 2303 generis
1240 2262 1315 2291 res
1346 2246 1604 2304 significare
1636 2246 1678 2290 in
1711 2246 1908 2291 animum

239 2302 522 2347 induxerunt.
585 2303 768 2348 Plurimi
809 2304 1012 2362 quidem,
1053 2305 1128 2362 qui
1170 2305 1284 2349 hanc
1322 2305 1512 2349 inierant
1552 2304 1792 2358 rationem,
1834 2304 1908 2348 illa

239 2375 462 2406 >1munera«
494 2377 675 2406 carmen
708 2363 781 2407 vel
816 2362 1014 2407 carmina
1046 2363 1264 2407 amatoria
1296 2378 1402 2407 esse
1434 2362 1603 2407 Catulli
1635 2362 1776 2421 ipsius
1809 2377 1909 2407 cen·

239 2419 411 2471 sebant,
444 2435 546 2464 cum
577 2420 766 2464 formam
799 2421 1023 2479 poeticam
1056 2421 1222 2475 Musis,
1255 2429 1525 2479 argumenta
1556 2421 1727 2465 erotica
1758 2429 1908 2465 autem

240 2476 406 2522 Veneri
428 2478 719 2523 vindicarent.
762 2479 993 2523 Invenitur
1014 2487 1164 2523 autem
1188 2479 1441 2524 huiusmodi
1459 2478 1770 2545 interpretatio
1788 2479 1909 2537 apud

240 2534 486 2593 Vulpium
511 2539 570 2594 (p.
594 2537 709 2594 388),
743 2535 1058 2581 Santenium
1091 2538 1177 2593 (ad.
1202 2553 1244 2582 v.
1271 2543 1352 2592 10),
1385 2537 1676 2602 Hauptium
1708 2536 1908 2594 (Belger.

240 2607 280 2650 p.
303 2600 419 2650 247),
442 2592 783 2638 Schwabium
806 2594 900 2650 ('›>Q.
922 2594 995 2639 C.«
1012 2610 1054 2653 p.
1077 2597 1188 2652 124),
1211 2595 1609 2654 Westphalium
1630 2600 1687 2654 (p.
1704 2595 1908 2653 69170)²),

382 2731 404 2777 ¹)
438 2733 710 2787 Schulgius
751 2735 802 2778 (in
845 2736 936 2771 diss.
981 2738 1066 2781 1871
1110 2748 1146 2782 p.
1187 2737 1231 2772 18
1267 2736 1365 2818 sqq.)
1406 2736 1496 2772 dicit
1535 2736 1677 2772 West
1723 2735 1909 2772 halium

241 2790 421 2815 »munera
467 2780 652 2816 Veneris«
700 2792 838 2817 versus
881 2783 1095 2819 amatorios
1137 2782 1259 2829 ipsius
1336 2782 1441 2819 atulli
1486 2794 1576 2819 esse
1618 2783 1738 2828 vele,
1786 2793 1909 2818 inmun.

239 2825 456 2879 Musarum«
484 2833 622 2879 ‘autem
661 2827 780 2863 libros
817 2840 865 2864 ex
902 2829 986 2865 eius
1023 2829 1266 2865 bibliotheca.
1315 2829 1430 2874 Quod
1467 2829 1626 2875 falsum,
1659 2828 1749 2875 quia
1785 2828 1910 2865 lucide

239 2871 301 2907 W.
327 2873 527 2908 discernit:
557 2873 589 2916 ι)
615 2886 649 2909 v.
680 2885 740 2909 10:
779 2886 902 2910 »mun.
933 2881 972 2911 et
997 2875 1093 2911 Mus.
1119 2883 1158 2912 et
1184 2876 1302 2912 Vens
1331 2889 1374 2907 =
1403 2876 1486 2911 »ein
1512 2875 1721 2912 kostliches
1746 2875 1911 2912 Gedicht

238 2918 455 3001 “⁰636qu
494 2919 705 2962 Inhaltes«;
743 2925 778 2959 2)
803 2933 838 2956 v.
864 2924 1014 2968 33—36,
1052 2922 1191 2968 quibus
1227 2922 1346 2959 libros
1370 2933 1394 2958 a
1420 2921 1571 2959 Catullo
1594 2922 1673 2969 peti
1707 2928 1830 2969 putat.
1863 2922 1910 2958 cf.

238 2976 320 3011 cap.
