1942 3380
757 254 1049 300 „37-

53 364 250 431 Venus
291 365 582 423 designatur,
625 368 683 412 de
725 369 854 414 cuius
897 369 991 415 filio
1032 370 1074 415 in
1116 385 1153 415 c.
1186 371 1338 416 LXIV
1369 373 1489 418 idem
1522 374 1618 420 fere
1650 391 1753 433 pro·

53 431 287 468 nuntiatur
318 424 390 482 (cf.
425 433 471 470 et
495 424 588 471 Cir.
612 441 719 484 242:
753 443 861 472 »non
895 437 964 473 est
986 428 1261 475 Amathusia
1293 433 1434 477 nostri
1468 442 1558 477 tam
1591 435 1728 478 rudis(

56 497 177 541 quae
209 483 347 549 plane
380 484 571 529 imitatio
606 485 774 531 Catulli
808 490 909 543 est).
964 487 1086 544 Quia
1118 497 1270 533 autern
1304 490 1415 535 illud
1447 492 1607 536 »multa
1639 493 1753 537 satis

54 542 160 586 lusi«
194 542 423 588 artissime
455 558 558 588 cum
591 546 891 603 sequentibus
923 547 1212 592 coniunctum
1245 557 1328 603 est,
1371 565 1474 594 cum
1507 551 1620 595 haec
1652 552 1750 596 sine

52 601 146 646 ulla
178 601 509 647 coniunctionis
542 605 706 662 copula
736 605 914 650 adiecta
936 606 1037 660 sint,
1070 621 1233 651 vocem
1256 607 1479 653 »ludendi«
1503 609 1750 655 Veneris

52 660 285 705 mentione
326 661 369 705 in
413 670 588 706 certum
633 678 820 708 sensum
854 664 1087 709 definitam
1120 680 1226 710 esse
1259 675 1449 712 constat.
1511 667 1669 726 Atque
1703 682 1751 714 ut

50 719 172 765 illius
212 720 329 765 deae
360 736 590 766 »munera«
630 738 719 766 non
753 723 952 767 carmina
986 725 1228 779 amatoria,
1262 726 1345 770 sed
1378 727 1549 771 amoris
1579 728 1748 782 gaudia

50 778 364 836 intellegenda
411 795 518 825 esse
567 780 785 834 vidimus,
835 782 894 826 ita
936 783 1022 827 hoc
1067 784 1168 828 loco
1210 784 1367 838 ludos,
1415 785 1491 843 qui
1524 786 1581 830 ad
1614 786 1747 831 deam

50 838 206 883 »dulce
253 853 411 883 amaro
460 840 746 885 miscentem«
794 842 1044 899 pertinent,
1099 842 1282 887 minime
1361 844 1508 888 oetica
1554 845 1749 890 ludibria

51 912 236 942 amores
259 898 532 953 canentium,
567 900 649 944 sed
674 915 811 944 veras
833 915 909 945 res
928 900 1165 946 Venereas
1188 917 1293 946 esse
1314 859 1390 946 illa
1412 903 1513 961 ipsa
1534 903 1747 961 imagine,

83 971 140 1000 ua
173 956 334 1002 Venus
367 958 631 1014 denotatur,
677 959 895 1003 discimus
909 963 952 1014 1).
1015 960 1234 1019 Haupti
1273 961 1414 1018 igitur
1444 962 1643 1007 versioni
1676 963 1747 1018 (cf.

93 1016 183 1073 elg.
227 1031 270 1075 p.
303 1018 432 1075 247):
475 1033 584 1062 »von
628 1018 786 1062 frfiher
818 1018 1002 1075 Jugend
1047 1034 1104 1062 an
1146 1020 1265 1064 habe
1307 1020 1378 1064 ich
1411 1020 1531 1065 viele
1562 1020 1748 1066 Liebes—

48 1075 268 1132 gedichte
319 1076 577 1134 gedichtet«
629 1092 718 1121 non
771 1077 1009 1121 assentior.
1088 1077 1207 1122 Nam
1257 1077 1492 1136 Catullus,
1545 1095 1603 1124 ex
1657 1095 1749 1138 quo

50 1142 208 1191 togam
242 1135 481 1179 candidam
514 1135 752 1190 induisset,
786 1152 838 1180 se
866 1137 1036 1193 gaudia
1059 1137 1337 1195 doloresque
1359 1139 1528 1183 amoris
1549 1139 1748 1184 subiisse

49 1208 124 1238 vv,
172 1195 346 1253 15—18
396 1195 610 1253 perhibet
661 1210 812 1253 neque
865 1195 987 1239 aliud
1039 1196 1302 1255 quidquam.
1354 1224 1409 1228 ——
1456 1197 1614 1255 Atque
1660 1199 1747 1242 hoc

51 1252 248 1298 Veneris
292 1254 587 1308 »studium«
629 1254 782 1299 fratris
826 1263 973 1299 morte
1014 1255 1287 1300 exstinctum
1331 1270 1436 1300 esse
1476 1255 1688 1301 Catullus
1721 1272 1747 1301 a

48 1327 89 1356 v.
126 1327 180 1370 19
220 1312 476 1371 profitetur.
549 1313 621 1358 Ne
668 1322 821 1358 autern
866 1329 1027 1358 vocem
1068 1314 1240 1358 »studii«
1283 1315 1340 1358 ad
1385 1315 1563 1373 poetica
1603 1330 1746 1374 opera

44 1380 262 1430 >spectare
313 1372 572 1430 putaveris,
631 1372 754 1430 quod
808 1373 1011 1417 nonnulli
1063 1373 1350 1417 »carminum«
1402 1374 1745 1418 subdendorum

46 1431 198 1488 gratia
238 1431 447 1476 fecerunt
485 1431 766 1489 (Weisius
810 1447 876 1490 pr.
915 1432 1027 1490 1863
1059 1447 1100 1490 p.
1134 1447 1180 1491 5,
1224 1432 1745 1477 Benoistius-Tho-

47 1489 273 1535 masius
305 1490 364 1535 ad
397 1506 438 1535 v.
477 1506 542 1549 17,
588 1490 788 1535 Munro
822 1506 862 1549 p.
902 1491 985 1535 168
1015 1492 1125 1549 sq.)!
1189 1491 1308 1535 Nam
1341 1492 1427 1536 hoc
1459 1492 1747 1536 substantivo

47 1548 61 1592 i
97 1564 151 1594 so
198 1550 433 1607 quaelibet
480 1550 616 1593 animi
665 1549 855 1594 directio
903 1550 1165 1593 adumbrari
1213 1558 1387 1608 potest:
1437 1551 1497 1595 ita
1544 1550 1587 1594 in
1634 1550 1744 1595 Ter.

45 1563 250 1667 Xdelph.
284 1624 326 1653 v.
349 1624 404 1667 41
441 1609 499 1653 de
521 1608 710 1653 alterius
731 1608 883 1652 fratris
906 1608 1057 1653 indole
1081 1608 1262 1653 dicitur:
1286 1609 1511 1653 »dissimili
1534 1609 1572 1653 is
1593 1610 1746 1653 studio

46 1676 150 1721 est«,
184 1668 238 1712 cf.
272 1667 418 1724 Verg.
451 1668 570 1712 Aen.
606 1667 746 1725 11s39:
778 1667 1019 1712 »scinditur
1047 1702 1055 1710 .
1092 1705 1099 1712 .
1134 1668 1285 1712 studia
1316 1667 1359 1712 in
1393 1668 1622 1712 contraria
1654 1668 1746 1712 vol-

46 1741 178 1783 gus«3
241 1726 344 1772 Cic.
393 1742 478 1786 pro
524 1726 653 1771 Cael.
694 1728 774 1783 46:
827 1726 996 1771 »studia
1044 1726 1381 1771 delectationis:
1435 1727 1572 1771 ludus
1618 1727 1746 1772 iocus

45 1786 352 1839 convivium«;
416 1787 539 1845 apud
590 1785 833 1830 Horatium
891 1785 934 1829 in
983 1785 1079 1829 Sat.
1130 1785 1319 1841 11s2s12:
1371 1786 1571 1830 studium
1628 1785 1748 1844 pilae

45 1845 236 1902 legitur,
271 1845 314 1889 in
347 1844 444 1890 Sat.
478 1845 648 1904 Ill5l80
679 1844 815 1889 etiam
846 1844 1078 1888 »iuventus
1112 1880 1121 1887 .
1157 1880 1165 1888 .
1200 1844 1395 1889 Veneris
1426 1845 1651 1889 studiosa«
1682 1845 1743 1901 (l),

46 1904 100 1949 cf.
126 1903 367 1950 Claudian.
391 1905 526 1963 Rapt.
555 1904 769 1962 Proserp.
795 1903 963 1960 1111412
995 1918 1063 1961 sq.
1098 1903 1266 1947 »studia
1300 1939 1308 1948 .
1345 1939 1353 1947 .
1386 1918 1664 1962 procorum«.
1689 1930 1743 1934 —-

43 1963 152 2008 -Non
193 1979 310 2022 ergo
354 1963 550 2008 dubitari
595 1971 772 2022 potest,
818 1962 925 2021 quin
961 1961 1172 2007 Catullus
1213 1962 1508 2020 pronuntiare
1550 1962 1745 2006 voluerit

45 2022 190 2081 ipsius
231 2023 432 2067 studia
473 2022 687 2067 amoris
727 2022 879 2066 fratris
920 2029 1068 2066 morte
1099 2021 1291 2075 obiisse,
1338 2021 1606 2079 praesertim
1640 2035 1743 2064 cum

46 2081 213 2126 vocula
244 2082 370 2126 »hoc«
401 2081 477 2126 illa
509 2083 653 2126 verba
685 2090 784 2125 arte
807 2096 908 2125 cum
932 2081 1314 2139 praecedentibus
1336 2079 1548 2124 versibus
1574 2079 1747 2138 15—18

46 2139 310 2198 coniungat.
361 2139 480 2185 Cum
514 2149 666 2185 autern
702 2139 914 2184 Catullus
946 2147 1178 2184 recentem
1213 2139 1418 2183 dolorem
1452 2147 1741 2191 memoraret,

46 2199 108 2244 ita
151 2201 554 2256 commovebatur,
604 2208 653 2244 ut
696 2199 740 2243 in
786 2198 1066 2243 lacrimando
1106 2198 1245 2242 fratre
1284 2213 1310 2242 a
1343 2214 1384 2242 v.
1417 2212 1474 2241 20
1506 2212 1653 2255 usque
1684 2197 1742 2241 ad

46 2273 88 2303 v.
122 2274 181 2318 24
224 2258 559 2304 sententiarum
601 2257 1037 2316 digressionem
1078 2257 1346 2301 institueret.
1410 2257 1545 2311 Quae
1577 2257 1634 2299 ab
1667 2256 1743 2299 illa

45 2317 105 2362 de
137 2318 280 2363 rebus
312 2318 524 2363 venereis
557 2326 687 2376 parte
716 2324 807 2370 (vv.
838 2319 1023 2375 15-19)
1047 2316 1229 2360 omnino
1252 2315 1398 2359 aliena
1421 2323 1466 2359 et
1488 2315 1742 2359 abhorrens

46 2385 130 2422 est.
196 2376 328 2423 Cave
366 2392 504 2435 ergo,
550 2392 609 2421 ne
656 2391 797 2421 voces
838 2390 960 2420 »mea
997 2374 1174 2432 fregisti
1206 2375 1465 2418 commoda«
1498 2382 1543 2418 et
1573 2372 1743 2438 »omnia

46 2436 218 2494 gaudia
240 2445 412 2490 nostra,
447 2451 567 2494 quae
589 2445 696 2480 tuus
721 2472 728 2479 .
751 2469 760 2477 .
793 2435 911 2479 altus
934 2434 1085 2478 alebat
1107 2448 1254 2477 amor«
1282 2433 1339 2477 ad
1372 2432 1540 2477 amoris
1571 2432 1742 2489 gaudia

45 2495 90 2539 in
122 2511 198 2540 vv.
236 2510 409 2554 15—19
440 2503 798 2540 commemorata
837 2494 1030 2547 reseras,
1080 2492 1204 2549 quod
1247 2491 1352 2536 fecit
1384 2490 1743 2536 Skutschius
1799 2550 1801 2552 η

44 2553 90 2598 in
113 2554 296 2599 »Rhein.
321 2555 460 2599 Mus«
487 2555 599 2611 ¹892
621 2569 664 2612 p.
689 2567 768 2611 147
803 2553 872 2607 (cf.
906 2553 963 2596 ad
997 2552 1083 2596 hoc
1105 2551 1154 2595 F.
1190 2550 1454 2595 Hermem
1488 2549 1741 2615 insWoch-

45 2614 166 2659 sehr.
189 2614 217 2659 f.
251 2614 311 2659 kl.
335 2613 469 2658 Phil«
501 2613 568 2657 lX
602 2628 644 2671 p.
684 2613 843 2669 166s7).
908 2611 1051 2655 Immo
1084 2625 1140 2654 ex
1174 2610 1250 2654 tali
1285 2624 1442 2654 errore
1474 2617 1660 2660 oriatur,
1694 2617 1742 2652 ut

45 2672 211 2731 aliquis
251 2673 438 2718 fratrem
478 2681 612 2717 antea
646 2671 831 2716 Catullo
873 2671 1035 2714 ducem
1070 2668 1502 2725 conciliatoremque
1535 2681 1741 2711 amorum

43 2731 205 2777 fuisse.
233 2732 500 2785 concludat,
558 2746 649 2789 quo
697 2738 877 2774 mortuo
921 2744 1039 2773 nunc
1083 2728 1271 2772 v->omnia<-»
1321 2726 1490 2772 Catulli
1538 2725 1739 2783 gaudia,

46 2805 166 2849 quae
201 2827 210 2836 .
245 2828 254 2836 .
289 2827 297 2836 .
333 2799 452 2844 etc.«,
486 2790 511 2834 i.
546 2805 583 2835 e.
620 2803 803 2834 amores
835 2798 879 2833 et
919 2787 1118 2840 licentia,
1163 2786 1435 2831 interissent.
1500 2784 1636 2840 Quod
1672 2793 1741 2828 est

192 2934 216 2977 ¹)
243 2935 357 2970 Errat
395 2933 513 2980 igitur
551 2933 597 2968 H.
626 2932 887 2974 Monsius,
922 2930 986 2976 qui
1024 2930 1096 2965 hoc
1129 2929 1211 2964 loco
1248 2928 1464 2963 dubiam
1501 2938 1636 2961 vocem
1668 2926 1741 2960 xlu-

44 2980 182 3017 dendi«
211 2993 302 3018 esse
327 2982 410 3018 vult
435 2981 485 3027 (p.
515 2981 582 3016 18.
