1942 3380
752 226 1043 270 -51-

188 337 400 383 Vidimus
419 347 573 383 autem
592 354 676 398 per
693 349 835 385 totum
855 355 1040 386 carmen
1058 341 1270 388 LXVIIF
1292 346 1383 396 (vv.
1411 345 1569 400 1—40)
1592 343 1750 402 utique

46 397 217 442 binas
291 405 454 442 artes
500 400 851 455 cognoscendas
892 407 1034 445 esse:>
1063 400 1168 445 bina
1208 401 1326 445 enim
1368 410 1479 446 sunt
1514 402 1645 447 amici
1672 402 1748 454 jin-

50 470 233 502 commo
267 471 296 501 a
329 458 422 514 (vv.
456 457 535 516 5l6
568 466 613 502 et
645 459 751 516 7s8),
784 458 919 504 binae
950 474 1115 518 preces
1146 463 1207 515 (v.
1245 461 1337 515 10),
1379 460 1484 505 bina
1524 476 1749 520 responsa

46 519 140 571 (vv.
192 530 298 575 15—
307 530 365 574 32
390 524 453 559 ·et
485 518 691 574 33—36).
761 518 920 576 Atque
963 519 1080 563 hanc
1123 519 1463 578 bipartitionem
1507 534 1748 577 argumen-

50 583 201 619 torum
246 574 446 632 denique
486 591 579 619 vox
612 576 888 634 »utriusque«
921 579 980 633 (v.
1015 579 1090 636 39)
1128 577 1313 637 respicit
1360 578 1430 634 (cs.
1464 578 1746 625 Hoersch.

46 649 90 693 p.
114 634 240 692 17l83
264 633 399 679 Birt.
419 649 462 692 p.
485 649 539 692 13
556 642 601 678 et
623 636 699 688 16;
734 635 946 694 Sonny.
971 637 1015 680 in
1033 636 1329 682 »Wochschn
1347 637 1375 681 f.
1397 638 1456 682 kl.
1476 637 1611 683 Phil«.
1629 638 1746 683 VIII.

47 708 90 752 p.
115 707 174 752 53
195 695 297 752 sq.).
348 692 732 739 Commemorare
756 695 890 739 etiam
915 696 1042 740 lubet
1065 695 1145 740 Fr.
1170 695 1214 740 H
1230 711 1436 741 ermem
1460 696 1522 740 (in
1545 712 1609 755 pr.
1637 698 1750 742 1888

52 767 97 811 p.
135 754 221 810 14),
256 767 359 797 cum
392 753 436 796 in
469 753 584 797 falsa
616 754 983 798 antecedentium
1016 755 1212 813 partium
1247 755 1556 800 declaratione
1589 771 1640 801 se
1672 758 1748 801 ob-

54 811 249 856 stinaret
282 814 355 870 (-—
387 811 512 856 »weil
538 811 692 856 Catull
724 813 805 857 mit
837 829 879 857 v.
903 829 959 872 32
991 814 1107 858 alles
1139 814 1391 871 abgelehnt
1422 815 1500 859 hat
1522 815 1593 871 (ΣΡ),
1627 816 1747 860 kann

52 886 165 915 »non
198 870 458 929 utriusque«
491 871 614 915 nicht
649 887 760 927 „nur
793 871 890 917 eins
923 888 1013 916 von
1036 873 1229 917 beiden“
1264 873 1405 917 seim:
1439 874 1561 932 quod
1594 883 1746 919 autem

51 929 303 975 Hermes
335 931 457 975 hunc
491 930 639 989 ipsum
674 946 859 975 sensum
894 931 1077 976 efficere
1100 932 1299 986 volebat,
1333 932 1619 978 coniecturas
1646 949 1747 992 pro-

46 989 214 1048 posuit,
234 989 287 1034 cf.
306 989 604 1034 »W'ochschr.
624 990 648 1033 f.
670 991 728 1034 kl.
748 990 874 1034 Phil<
899 990 965 1034 IX
984 1006 1025 1049 p.
1050 992 1131 1049 167
1150 992 1238 1047 -),
1258 1006 1338 1035 em
1355 1007 1417 1035 en
1431 991 1548 1036 dati
1563 1007 1700 1037 ones
1715 996 1746 1048 ²)

47 1063 216 1096 versus
239 1063 297 1107 39
319 1049 733 1102 commendavisse,
763 1049 957 1107 primum
981 1050 1152 1108 »penite
1174 1065 1322 1108 usque
1342 1051 1547 1109 petenti«,
1581 1051 1746 1096 deinde

49 1107 166 1152 »ulla
190 1123 368 1166 usque«.
423 1108 588 1152 Talem
614 1117 767 1153 autem
791 1109 1102 1163 mutationem,
1127 1124 1218 1166 qua
1241 1109 1342 1166 quis
1365 1117 1523 1154 contra
1545 1110 1746 1154 omnium

52 1167 264 1212 codicum
311 1167 631 1212 auctoritatem
676 1176 852 1212 temere
902 1183 1031 1212 suam
1081 1168 1223 1226 ipsius
1277 1168 1536 1227 opinionem
1580 1178 1747 1227 poetae

47 1226 206 1272 verbis
228 1226 458 1271 inculcare
479 1226 590 1279 vult,
624 1242 712 1271 non
736 1242 926 1284 possum
950 1242 1038 1271 non
1060 1227 1260 1271 refutare
1291 1226 1361 1282 (cf.
1387 1227 1746 1272 Erdmannum

46 1284 90 1329 in
123 1285 421 1330 »Wochschr.
464 1285 491 1330 f.
525 1286 585 1329 kl.
619 1285 746 1329 Phil<
799 1286 912 1330 1888
954 1302 996 1344 p.
1043 1300 1154 1344 1403
1191 1295 1236 1330 et
1280 1285 1662 1331 Skutschium
1703 1287 1746 1330 in

45 1344 152 1389 »Rh.
187 1345 270 1389 M.«
305 1345 418 1402 1892
450 1360 493 1403 p.
531 1349 643 1403 145).

195 1403 409 1449 Catullus
442 1403 582 1460 igitur
614 1403 757 1462 ipsius
781 1403 1104 1447 excusationes
1126 1404 1168 1447 in
1193 1404 1404 1448 versibus
1427 1419 1603 1462 37—39
1628 1419 1747 1448 com-

46 1462 214 1521 plexus
237 1463 432 1507 amicum
456 1471 570 1517 orat,
595 1478 652 1507 ne
673 1463 836 1507 falsam
859 1462 916 1506 de
939 1477 990 1506 se
1013 1462 1394 1507 existimationem
1419 1464 1599 1515 habeat,
1623 1463 1745 1521 quod

48 1522 321 1566 alterutrum
354 1522 505 1576 modo,
540 1522 565 1565 i.
601 1537 639 1566 e.
674 1530 888 1579 poemata
922 1521 964 1565 in
998 1521 1075 1565 illa
1106 1522 1295 1579 capsula
1327 1522 1521 1577 condita,
1556 1521 1715 1566 mittat.

128 1627 146 1635 „
188 1582 348 1639 Atque
379 1596 496 1625 nunc
522 1580 674 1635 etiam,
709 1580 817 1639 quid
844 1580 929 1624 sibi
952 1580 1093 1624 velint
1115 1596 1186 1624 vv.
1215 1595 1397 1637 11—14,
1421 1581 1744 1638 intellegimus.

48 1640 234 1696 Quibus
268 1640 441 1684 amicus
474 1648 698 1692 monetur,
732 1654 790 1683 ne
823 1654 961 1697 porro
994 1639 1134 1683 »dona
1165 1640 1320 1684 beata«
1358 1655 1385 1683 a
1419 1639 1603 1684 Catullo
1643 1643 1745 1698 pos-

48 1708 135 1744 cat.
200 1699 331 1744 Haec
364 1708 519 1744 autem
553 1699 698 1743 verba
731 1698 837 1742 mihi
871 1698 928 1741 ad
962 1713 1170 1742 vmunera
1206 1698 1483 1742 Venerisx«
1515 1699 1614 1743 sola
1646 1714 1744 1757 per-

48 1759 196 1803 tinere
219 1759 445 1812 videntur,
482 1773 601 1816 quae
623 1758 666 1801 in
690 1757 903 1801 versibus
926 1757 1140 1801 continuo
1163 1757 1514 1801 succedentibus
1536 1760 1746 1815 (15—32)

47 1826 317 1863 tractantur.
382 1817 503 1862 Nam
527 1816 754 1867 Catullus,
789 1815 912 1873 quod
936 1815 1082 1868 docui,
1116 1831 1206 1860 non
1229 1816 1398 1869 habuit,
1433 1831 1513 1860 cur
1538 1831 1746 1861 »munera

47 1876 307 1922 Musarum«
347 1877 389 1920 in
434 1884 673 1935 posterum
711 1891 737 1920 a
778 1890 829 1919 se
862 1875 955 1933 peti
988 1875 1149 1926 nollet,
1196 1875 1468 1933 praesertim
1510 1890 1611 1919 cum
1657 1890 1746 1919 non

47 1936 188 1981 modo
221 1935 629 1994 unamcapsulam
672 1934 913 1988 tribueret,
957 1934 1040 1979 sed
1084 1934 1221 1978 etiarn
1261 1933 1362 1992 ipsa
1398 1949 1622 1992 responsa
1662 1949 1747 1993 per

48 2010 218 2041 versus
260 1995 406 2039 daret.
471 1994 566 2039 Sed
608 2008 815 2038 amorum
860 1993 1242 2051 voluptatumque
1291 1992 1490 2037 studium
1531 1993 1570 2037 ei
1611 1993 1653 2037 in
1684 1993 1745 2037 fu-

48 2062 202 2098 turum
236 2054 421 2099 omnino
444 2053 722 2098 exstinctum
746 2067 852 2097 esse
874 2052 1130 2104 videbatur,
1164 2060 1213 2096 ut
1235 2051 1353 2096 iuste
1380 2052 1526 2096 amico
1549 2052 1746 2096 suadere

47 2121 222 2172 posset,
256 2128 314 2157 ne
347 2112 544 2171 amplius
577 2112 792 2170 precibus
833 2111 1002 2155 frustra
1044 2125 1233 2169 operam
1267 2111 1416 2166 daret,
1460 2110 1626 2168 quibus
1660 2110 1744 2155 Ca·

47 2172 232 2223 tullum,
275 2181 324 2216 ut
358 2172 414 2216 ad
448 2187 500 2216 se
534 2171 711 2215 veniret
753 2179 798 2214 et
838 2170 1054 2214 lasciviae
1096 2185 1148 2214 se
1190 2170 1403 2225 dederet,
1446 2184 1635 2214 movere
1675 2184 1744 2213 co-

47 2239 247 2276 naretur.
302 2230 477 2276 Verum
501 2230 685 2275 minime
709 2230 828 2274 dona
854 2231 987 2274 beata
1010 2229 1067 2273 ad
1090 2229 1342 2273 carmina
1365 2228 1603 2272 reserenda
1626 2236 1743 2279 sunt,

80 2291 172 2335 uod
195 2291 517 2350 proponebant
538 2289 805 2347 Vulpius
827 2304 869 2346 p.
893 2289 981 2346 389
1004 2287 1343 2332 etWeisius
1366 2303 1432 2345 pr.
1455 2287 1568 2344 1869
1590 2302 1679 2345 p.9
1701 2295 1746 2331 et

47 2306 445 2407 {oeringius
489 2365 533 2408 p.
580 2363 673 2405 140.
746 2347 863 2391 Nam
910 2347 968 2391 de
1012 2346 1288 2391 carminibus
1331 2360 1470 2390 versu
1516 2346 1746 2390 tricesimo

46 2408 183 2454 tertio
215 2409 401 2453 demum
434 2416 572 2464 poeta
595 2407 806 2464 loquitur.
871 2405 1060 2450 Rectius
1092 2406 1228 2450 etiam
1252 2406 1395 2449 verba
1417 2419 1581 2449 versus
1607 2419 1659 2462 14
1687 2405 1745 2448 ad

47 2469 186 2512 ambo
218 2482 409 2512 munera
438 2466 572 2511 simul
603 2474 816 2525 spectare
848 2465 1151 2509 existimares.
1215 2463 1310 2509 Sed
1340 2479 1419 2508 cur
1442 2463 1625 2507 Mallius
1653 2472 1743 2507 tam

48 2541 247 2584 gravem
283 2525 452 2572 Catulli
485 2526 718 2584 repulsam
753 2525 810 2568 ab
844 2524 944 2582 ipso
969 2523 1198 2582 principio
1230 2522 1395 2576 tulerit,
1434 2530 1528 2566 tum
1560 2523 1745 2566 demum

51 2585 389 2643 intellegimus,
431 2600 535 2630 cum
567 2584 836 2629 relationem
870 2581 987 2627 inter
1028 2583 1167 2626 »dona
1200 2582 1399 2627 beata÷2l
1445 2590 1488 2625 et
1534 2580 1747 2625 xxVeneris

199 2716 222 2760 ¹)
237 2717 339 2771 'Jam
367 2716 631 2752 Heinsium
660 2714 943 2768 proposuisse&
965 2721 1006 2749 ut
1033 2714 1132 2796 indv.
1159 2713 1487 2796 39scriberetur:
1517 2712 1642 2758 »quod
1678 2711 1746 2747 tibi

678 2774 693 2788 Κ
1159 2786 1166 2793 ο
1247 2787 1252 2793 ·
1431 2788 1438 2795 ι

48 2775 143 2800 non
172 2775 314 2855 3315?
331 2769 677 2856 kiligcirleffbiseiggis
699 2761 1456 2854 ἳιὲηὲἷεῖιιῖἓέὲέηεειαῖεκέῐηςίῖεῐὼῃὲῐίιξῐίἰ
1483 2817 1539 2852 pr.
1563 2807 1653 2851 1869
1670 2816 1705 2851 p.
1723 2817 1747 2851 9

49 2865 89 2894 et
116 2858 436 2905 Kiesslingii
462 2869 499 2904 p.
530 2869 573 2903 15
587 2857 658 2903 sq.)
686 2855 898 2902 significari
953 2866 1159 2891 ersuasum
1214 2855 1364 2899 abeam,
1389 2854 1460 2890 sed
1477 2854 1592 2891 dona,
1618 2852 1746 2899 qualia

49 2905 154 2941 beati
180 2906 372 2951 praebent
409 2905 476 2949 (ita
503 2904 714 2950 Vulpius
740 2915 776 2949 p.
803 2903 884 2949 389,
954 2901 1225 2948 oeringius
1261 2912 1296 2946 p.
1327 2912 1403 2947 140,
1431 2900 1605 2936 Baehr.
1632 2900 1680 2935 ad
1709 2911 1744 2934 v.

50 2953 121 2998 15),
147 2953 343 2989 contraria
369 2965 467 2989 voce
495 2951 681 2987 »misero«
710 2950 893 2987 adducor.

1561 3006 1602 3050 4*
