1942 3380
775 233 1060 277 ..47-

59 356 205 399 quae
244 341 406 407 etiam
453 357 713 401 pangere
752 346 972 399 debuit,
1015 357 1285 407 poemata
1318 363 1369 394 se
1402 350 1612 395 daturum
1646 367 1752 397 esse

60 415 281 458 negare
327 401 553 467 dicentem
602 403 687 468 sibi
735 405 876 451 libros
924 407 981 451 ad
1028 422 1146 466 opus
1190 407 1503 453 doctissimum
1539 409 1752 455 Veronae

59 459 240 525 deesse.
305 459 509 505 Mallium
544 477 662 506 enim
705 479 794 508 non
828 466 965 510 modo
999 466 1198 510 lascivos
1231 481 1395 512 versus
1437 468 1627 522 amoris,
1669 470 1752 514 sed

28 527 295 585 ‚etiam-ut
340 527 487 585 poe-ta·
528 522 773 567 tenebrosa
827 525 997 583 epyllia
1055 525 1140 570 sibi
1197 535 1494 584 componeret
1540 528 1685 575 (velut
1729 544 1755 573 e

59 575 257 643 Graecis
303 580 580 624 carminibus
628 594 868 640 expressa)
922 593 1111 642 optasse
1174 584 1439 629 incredibile
1492 585 1597 630 mihi
1653 602 1757 632 esse

60 637 244 702 videtur
274 637 343 690 (cf.
379 653 421 696 p.
455 643 619 697 30s'31).
684 640 800 685 Nam
836 651 960 687 certe
994 643 1198 695 Mallius,
1242 643 1279 687 si
1326 659 1437 688 vere
1482 644 1542 689 ita
1586 660 1639 689 se
1682 661 1758 691 res

60 695 312 761 habuisset,
346 711 506 763 eorum
539 698 776 744 dumtaxat
807 701 1102 760 scriptorum,
1149 717 1268 760 quae
1313 702 1373 746 illi
1418 703 1493 747 uni
1538 705 1757 762 capsulae

21 762 23 765 ’
59 764 260 821 inerant,
312 764 540 814 poeticam
595 759 938 805 translationem
992 761 1064 805 vel
1117 761 1433 806 tractationem
1484 772 1758 821 exspectare

59 822 218 917 pptuit.
258 842 303 847 —
345 814 528 871 Quibus
550 817 763 862 omnibus
786 819 1087 864 consideratis
1120 836 1193 864 vv.
1217 821 1393 878 33-36
1423 821 1480 865 ad
1504 837 1757 866 »munera

15 887 17 889 ’
121 888 387 940 υεειῑμῐῐκχ
407 875 638 933 pertinere
670 877 867 936 obtineo.
931 879 1097 937 Neque
1129 880 1311 923 omnino
1345 895 1399 923 ea
1431 888 1569 938 poeta
1602 890 1755 940 negat,

14 964 15 967 η
60 933 143 977 sed
189 942 577 990 eX1gu1tatem
624 944 841 980 tantum
886 952 1107 991 eorum,
1154 953 1299 995 quae
1341 939 1634 996 praebuit,
1683 955 1757 984 ex-

15 1006 17 1008 ’
61 1000 204 1036 CUSat.

202 1050 304 1096 Hoc
338 1060 491 1096 autem
525 1053 642 1105 loco,
676 1054 761 1098 etsi
804 1055 1084 1112 aliquantum
1117 1071 1143 1100 a
1177 1056 1413 1113 proposita
1455 1071 1605 1100 rerum
1645 1066 1758 1101 trac·

60 1110 302 1155 tandarum
335 1111 456 1156 serie
489 1112 705 1166 declinat,
746 1114 1061 1171 quaestionem
1096 1115 1229 1159 liceat
1272 1115 1496 1167 inserere,
1542 1116 1752 1160 ubinam

61 1177 179 1222 tum,
223 1185 326 1214 cum
360 1171 572 1215 carminis
606 1171 800 1216 LXVIII
835 1188 907 1216 vv.
945 1189 1085 1232 1—4o
1118 1173 1273 1232 scripti
1312 1183 1429 1227 sunt,
1466 1173 1678 1219 Catullus
1711 1183 1756 1219 et

62 1228 246 1273 Mallius
279 1230 488 1274 morati
532 1230 660 1275 sint.
724 1231 852 1275 Illum
899 1232 1084 1290 quidem
1118 1232 1388 1277 Veronae
1429 1233 1568 1277 fuisse
1601 1248 1627 1277 e
1660 1248 1756 1277 ver-

61 1287 191 1332 sibus
230 1303 286 1346 27
319 1303 421 1346 sqq.
470 1289 683 1334 facillime
731 1291 948 1347 cognosci
997 1300 1150 1349 potest
1181 1292 1251 1348 (cf.
1287 1291 1336 1335 Β.
1371 1291 1758 1336 Schmidtium

62 1347 193 1405 proll.
229 1363 271 1406 p.
304 1347 496 1404 XXIV).
561 1348 658 1393 Cur
680 1358 832 1393 autem
857 1365 882 1393 a
905 1350 1115 1395 sollemni
1138 1350 1379 1403 domicilio,
1415 1350 1561 1394 Roma
1586 1356 1644 1402 (v.
1669 1354 1758 1408 34),

63 1421 106 1450 in
149 1407 343 1472 patriam
387 1407 653 1464 reverterit,
701 1408 834 1453 nobis
882 1409 1089 1465 ignotum
1133 1418 1225 1460 est;
1274 1410 1357 1453 sed
1402 1409 1603 1467 opineris
1641 1411 1759 1453 hunc

62 1467 260 1510 reditum
306 1466 363 1510 ad
408 1467 561 1511 fratris
605 1476 798 1512 mortem
846 1468 1133 1512 referendum
1180 1483 1284 1513 esse
1330 1468 1407 1521 (ita
1440 1468 1646 1526 Haupt.
1687 1484 1759 1526 ap.

63 1523 194 1584 Belg.
229 1541 271 1583 p.
306 1526 464 1583 246s7;
508 1525 558 1569 Β.
594 1525 870 1570 Schmidt.
904 1543 945 1585 p.
979 1527 1068 1580 Xl;
1117 1527 1391 1572 Ribbeck.
1425 1526 1563 1571 »Cata
1612 1543 1653 1585 p.
1687 1542 1756 1586 35,

63 1585 138 1642 qui
193 1583 490 1629 Schwabii
543 1585 896 1642 imaginationes
959 1586 1014 1630 de
1066 1586 1296 1630 discordia
1359 1586 1474 1630 inter
1528 1586 1759 1630 Catullum

67 1643 382 1701 Lesbiamque
414 1652 515 1688 orta
547 1644 666 1688 bene
698 1645 864 1689 refellit
875 1660 884 1697 ;
919 1645 971 1689 cf.
1006 1644 1143 1689 etiam
1176 1644 1254 1690 »Cn
1289 1645 1330 1688 d.
1359 1660 1392 1688 r.
1419 1644 1494 1688 D..
1528 1645 1545 1688 I
1579 1660 1620 1703 p.
1654 1659 1758 1702 32o;

63 1702 195 1747 Mon
211 1702 334 1747 sius
366 1718 409 1761 p.
448 1709 532 1759 14).
597 1702 683 1747 Ubi
717 1712 882 1756 autern,
918 1719 1107 1761 quaeso,
1141 1703 1378 1748 Mallius
1411 1712 1505 1747 tum
1549 1712 1761 1747 versatus

63 1762 167 1810 est?
230 1761 444 1806 Veronae
477 1762 619 1815 enim,
666 1763 788 1820 quod
824 1762 1135 1807 Ramlerus
1169 1767 1229 1820 (p.
1263 1771 1366 1820 314)
1410 1762 1609 1820 putavit,
1656 1777 1760 1806 eum

64 1836 152 1865 non
197 1821 341 1866 fuisse
374 1836 400 1865 e
433 1821 646 1866 carminis
687 1822 974 1878 argumentis
1009 1849 1057 1852 —-
1097 1822 1221 1866 velut
1254 1836 1279 1865 e
1312 1830 1458 1865 morte
1490 1821 1642 1865 fratris
1676 1820 1761 1865 Ca·

61 1880 158 1924 tulli
191 1895 355 1925 recens
371 1884 400 1934 1)
424 1881 629 1924 nuntiato
671 1907 717 1911 —
750 1881 913 1925 elucet.
978 1879 1107 1924 Multi
1140 1881 1324 1939 quidem
1358 1879 1464 1935 (iam
1502 1879 1607 1923 Vul
1630 1879 1762 1938 pius

63 1954 106 1998 p.
166 1940 379 1998 389l391)
443 1938 566 1983 illum
632 1938 811 1983 Romae
873 1939 1153 1983 habitavisse
1219 1939 1476 1983 voluerunt.
1568 1937 1763 1982 Constat

64 2007 218 2043 autem
243 1998 492 2052 Catullum,
526 1998 565 2043 si
599 1998 782 2043 Mallius
807 1998 847 2042 in
872 1999 985 2042 urbe
1007 1998 1180 2051 suisset,
1216 2013 1303 2042 non
1328 1998 1449 2041 nude
1471 1997 1760 2055 scriptorum,

65 2073 186 2116 quae
219 2057 397 2102 Rornae
430 2057 706 2115 reliquisset,
753 2057 948 2115 inopiam
985 2058 1027 2101 in
1061 2057 1403 2101 excusationem
1439 2055 1761 2102 adhibiturum.

64 2117 171 2170 sed,
217 2125 267 2161 ut
313 2116 487 2169 decuit,
537 2116 683 2160 amico
739 2116 1028 2160 occasionem
1084 2117 1295 2160 daturum
1352 2115 1515 2167 fuisse,
1569 2123 1617 2158 ut
1664 2114 1762 2172 ipse

64 2176 149 2220 sibi
183 2191 328 2235 opera
359 2175 567 2232 flagitata
600 2190 626 2219 e
659 2174 828 2219 Catulli
862 2174 1141 2219 bibliotheca
1174 2174 1381 2219 Romana
1424 2182 1658 2231 promeret
1689 2173 1760 2225 (cf.

66 2234 347 2279 VVeisium
382 2250 448 2294 pr.
488 2235 600 2292 1869
631 2249 674 2292 p.
713 2244 796 2289 11).
863 2234 1043 2278 Deinde
1085 2234 1220 2278 etiam
1263 2241 1399 2292 poeta
1442 2247 1530 2276 non
1570 2246 1762 2276 necesse

66 2294 226 2340 habuit
273 2293 470 2339 amicum
521 2293 763 2344 certiorem
816 2293 990 2346 facere,
1043 2307 1094 2336 se
1143 2292 1320 2336 Romae
1373 2300 1551 2335 suetam
1603 2291 1761 2335 sedem

66 2355 240 2398 habere
272 2368 423 2411 neque
454 2367 616 2397 omnes
648 2367 724 2396 res
757 2366 865 2396 suas
898 2352 1002 2396 inde
1037 2350 1266 2395 Veronam
1309 2350 1618 2400 transtulisse,
1658 2349 1763 2407 quia

67 2412 143 2457 ille
191 2413 291 2471 ipse
338 2413 542 2456 urbanus
591 2426 646 2455 ea
693 2411 780 2455 iam
830 2410 948 2454 scire
997 2410 1155 2468 potuit.
1227 2409 1475 2453 Praeterea
1520 2409 1605 2452 hoc
1653 2422 1761 2452 casu

67 2471 221 2530 potius
258 2471 455 2516 voculae
487 2470 593 2515 »ista
626 2496 682 2502 —
715 2469 833 2514 istic«
875 2475 934 2521 (v.
969 2477 1040 2527 35)
1075 2484 1214 2527 quam
1248 2468 1342 2512 »illa
1381 2495 1424 2500 —
1464 2466 1568 2511 illic<x
1612 2466 1760 2531 posita

19 2539 30 2547 ‘
67 2538 239 2576 essent.
290 2556 336 2562 -
391 2529 563 2574 Verum
607 2544 633 2573 e
677 2527 893 2587 precibus
931 2528 1055 2572 Malli
1103 2536 1295 2593 apparet
1343 2526 1441 2570 eius
1487 2525 1763 2570 domicilium

66 2589 516 2647 haudquaquam
551 2588 758 2647 procul
788 2602 815 2631 a
840 2586 1068 2631 Verona
1090 2586 1231 2631 fuisse
1254 2584 1536 2642 (Weisius
1559 2599 1626 2642 pr.
1656 2583 1766 2640 1869

68 2664 112 2708 p.
166 2650 249 2706 11),
298 2648 423 2707 quod
456 2647 609 2692 celere
656 2645 875 2690 auxilium
923 2644 1322 2704 praesentium
1369 2644 1591 2687 malorum
1640 2650 1764 2687 certe

214 2766 238 2811 ¹)
282 2766 510 2804 Monsius
552 2767 604 2813 (p.
652 2766 773 2812 14l15)
818 2764 990 2804 Mallium
1041 2765 1090 2800 de
1135 2770 1261 2799 morte
1314 2762 1445 2799 fratris
1498 2761 1636 2815 Catulli
1688 2760 1763 2795 iam

68 2822 185 2853 antea
211 2815 421 2852 certiorem
446 2813 591 2850 factum
620 2825 709 2849 esse
742 2818 854 2860 putat
890 2818 1008 2858 atque
1043 2811 1080 2847 in
1117 2811 1190 2846 hoc
1216 2810 1389 2846 carmine
1414 2821 1435 2845 a
1463 2814 1579 2855 poeta
1606 2819 1642 2843 in
1670 2819 1765 2860 nie·

67 2862 277 2903 moriam
314 2868 466 2899 tantum
508 2859 741 2898 calamitatis
780 2860 857 2896 iarn
897 2866 1014 2895 notae
1049 2858 1194 2894 reduci.
1252 2858 1304 2893 At
1339 2858 1435 2893 haec
1468 2855 1600 2909 opinio
1634 2855 1766 2908 iserbis

68 2909 200 2946 claris:
229 2910 280 2950 (v.
309 2909 365 2953 11)
396 2909 487 2945 »sed
514 2908 579 2944 tibi
607 2920 656 2943 ne
683 2918 771 2943 mea
799 2906 875 2943 sint
903 2906 1080 2952 ignota
1116 2905 1373 2949 incommoda,
1400 2903 1524 2939 Malli«
1563 2904 1764 2937 confestim

71 2956 270 2994 refellitur.
