1942 3380
915 277 1202 335 „33-

234 408 641 468 perversissimum,
675 419 774 449 cum
808 419 879 448 vv.
911 417 1097 459 20-24,
1130 401 1294 446 secreti
1325 416 1351 445 a
1385 401 1760 460 praecedentibus
1793 409 1837 443 et
1868 413 1897 443 a

233 466 536 524 sequentibus,
568 464 720 507 verbis
741 462 871 506 nimis
892 462 1085 506 sortasse
1107 458 1455 504 lamentantibus
1475 458 1798 503 demissionem
1820 457 1894 501 de-

232 524 622 583 sperationemque
642 520 806 565 Catulli
830 520 871 563 in
893 518 1154 563 universum
1177 517 1436 575 depingant,
1460 517 1581 575 quod
1603 515 1895 561 confirmatur

234 597 366 626 versu
397 596 475 637 24:
516 589 682 624 »tecum
725 593 812 622 una
853 586 946 621 tota
989 585 1058 620 est
1090 583 1246 619 nostra
1275 575 1454 633 sepulta
1485 575 1666 619 domus«
1697 574 1834 630 longe
1867 587 1894 617 a

233 638 463 684 sententiis
508 652 708 681 amorum
756 645 941 679 remoto.
1004 634 1103 677 Hac
1143 641 1293 677 autem
1341 647 1478 677 causa
1522 641 1675 676 natum
1716 640 1803 685 est,
1845 641 1895 675 ut

234 706 366 755 poeta
413 705 585 754 partem
627 695 683 738 de
715 693 925 737 »Veneris
970 691 1251 735 muneribus«
1293 698 1529 747 agentem,
1571 705 1688 748 quae
1729 689 1803 733 illa
1834 689 1894 733 di-

234 754 472 812 gressione
522 754 769 809 interrupta
820 758 964 802 esset,
1016 750 1166 793 denuo
1217 749 1425 793 versibus
1469 749 1605 806 25l26
1644 747 1848 805 recipere
1861 747 1896 804 ¹)

233 821 443 868 cogatur,
490 810 564 867 qui
605 825 691 853 non
735 809 868 852 modo
907 806 1207 864 argumentis,
1239 807 1320 851 sed
1361 806 1496 850 etiam
1538 805 1699 864 partim
1742 805 1895 849 verbis

232 869 438 914 simillimi
497 877 599 912 sunt
660 881 872 910 versuum
939 869 1068 922 19l20
1126 865 1400 917 (»hoc-haec;
1462 871 1743 916 totum-tota;
1804 871 1895 907 stu-

233 926 569 974 dium-studim).
632 925 770 968 Erant
801 932 973 976 autem,
1021 923 1094 980 qui
1136 931 1323 981 propter
1353 936 1590 966 numerum
1622 921 1895 979 plurativum

235 984 412 1028 <->studia·<‹
465 983 506 1027 in
545 998 585 1026 v.
627 983 685 1025 26
732 990 912 1039 praeter
952 981 1164 1024 »Veneris
1206 980 1424 1025 studium«
1464 979 1598 1023 etiam
1642 979 1894 1023 »Musarum

235 1042 449 1087 studium«
491 1040 841 1096 intellegendum
887 1054 990 1083 esse
1030 1039 1226 1082 animum
1258 1038 1522 1083 inducerent
1553 1037 1802 1082 secundum
1836 1036 1896 1080 bi·

234 1099 515 1158 partitionem
562 1098 603 1141 in
651 1113 689 1141 v.
728 1112 779 1141 ιο
824 1105 1066 1155 repertam.
1127 1096 1221 1141 Sed
1268 1111 1369 1140 cum
1412 1110 1558 1154 neque
1602 1095 1645 1138 in
1687 1095 1897 1159 versibus

234 1157 608 1215 praecedentibus
651 1170 797 1212 neque
837 1155 879 1198 in
921 1154 1216 1212 sequentibus
1259 1156 1350 1210 (vv.
1391 1157 1582 1211 27-30)
1623 1179 1674 1184 ——
1717 1154 1896 1211 quibus,

233 1215 354 1272 quod
386 1214 496 1257 infra
529 1214 787 1271 explicabo,
834 1213 924 1256 tale
970 1212 1291 1256 sententiarum
1338 1213 1670 1256 turbamentum
1714 1211 1898 1255 omnino

234 1272 485 1316 excluditur
520 1297 565 1302 —
599 1285 789 1328 usquam
812 1271 1044 1314 Musarum
1077 1271 1151 1314 vel
1183 1269 1336 1327 poesis
1368 1269 1584 1327 cogitatio
1615 1269 1897 1322 intercurrat,

233 1330 328 1374 fieri
359 1345 446 1373 non
478 1337 646 1386 potest,
692 1329 794 1386 quin
827 1329 902 1372 illa
942 1328 1092 1386 opinio
1132 1328 1407 1385 repudietur.
1491 1327 1684 1372 Veneris
1729 1326 1899 1384 gaudia

234 1396 381 1431 autem
404 1388 446 1430 in
469 1402 541 1430 vv.
564 1387 699 1444 25l26
728 1386 1033 1443 intellegenda
1065 1401 1169 1430 esse
1199 1386 1333 1430 etiam
1365 1386 1518 1430 verbis
1549 1385 1712 1429 additis
1742 1393 1898 1442 »atque

234 1459 391 1489 omnes
435 1444 693 1488 delicias
733 1444 884 1488 animi«
925 1452 1132 1502 apparet,
1179 1459 1279 1487 cum
1322 1459 1412 1487 vox
1444 1444 1744 1488 »deliciarum«
1775 1457 1801 1486 a
1837 1442 1898 1487 ud

235 1502 462 1547 Catullum
484 1502 527 1546 in
563 1502 685 1545 rimis
707 1503 763 1545 ad
781 1502 975 1546 lascivas
997 1502 1254 1559 voluptates
1277 1510 1475 1559 spectet:
1500 1502 1552 1546 cf.
1572 1516 1609 1545 c.
1629 1500 1782 1545 LXXI
1829 1504 1896 1555 12;

234 1560 459 1616 XLVJ24;
501 1517 751 1614 ffixxnsm
801 1559 911 1614 V1s1
956 1559 1333 1612 (Skutschius
1377 1563 1401 1603 l.
1443 1575 1479 1604 c.
1522 1575 1564 1617 p.
1601 1573 1654 1615 14
1723 1567 1898 1613 annot.;

236 1617 455 1662 Birtius
498 1633 539 1675 p.
578 1632 650 1671 105
694 1617 977 1661 Weberus
1014 1633 1057 1675 p.
1094 1632 1196 1671 112;
1238 1618 1290 1661 cf.
1336 1617 1470 1661 etiam
1518 1617 1576 1661 A.
1689 1616 1897 1661 eisium

235 1691 300 1733 pr.
339 1677 448 1733 1869
478 1691 519 1733 p.
557 1685 637 1730 14).
700 1675 869 1719 Verum
906 1675 1086 1719 minime
1117 1675 1220 1719 licet
1251 1676 1389 1719 verba
1420 1675 1494 1719 illa
1525 1675 1585 1719 ita
1616 1675 1899 1732 disiungere,

237 1742 283 1777 ut
328 1734 457 1776 ”haec
502 1732 667 1776 studia«
712 1733 957 1776 carminum
1001 1733 1148 1777 studia
1194 1747 1297 1777 esse
1344 1734 1637 1791 perhibeatur
1682 1733 1897 1787 (Munro

235 1806 278 1849 p.
316 1791 396 1834 168
425 1805 513 1847 sq.,
554 1789 854 1834 Weberus
892 1791 918 1834 l.
957 1799 1034 1845 c.)‚
1075 1791 1296 1834 »delicias«
1328 1800 1477 1835 autem
1521 1790 1689 1835 amoris
1729 1790 1900 1847 gaudia

237 1849 541 1903 (Baehrens,
581 1849 637 1891 ad
671 1863 710 1893 v.
742 1849 875 1906 2516).
939 1848 1054 1892 Nam
1088 1849 1249 1906 copula
1281 1858 1454 1906 »atque«
1488 1849 1707 1893 indicatur
1737 1862 1899 1893 vocem

238 1906 530 1950 .›deliciarum<-—
564 1906 698 1949 etiam
730 1906 804 1949 illa
835 1907 1018 1949 »studia«
1050 1906 1273 1964 amplecti,
1306 1922 1407 1950 cum
1440 1907 1552 1950 haec
1585 1907 1760 1951 illarum
1793 1915 1900 1951 tam·

269 1960 370 2007 ua'm
402 1978 508 2021 pars
539 1964 637 2007 sint.
681 1963 949 2007 Tenendum
982 1964 1119 2020 igitur
1150 1973 1219 2008 est
1251 1979 1364 2009 voce
1397 1965 1581 2008 »studia«
1613 1965 1733 2009 idem
1764 1965 1900 2022 signi-

236 1978 358 2065 goari
390 2030 527 2078 atque
554 2036 666 2065 voce
698 2022 930 2065 »studium«
962 2022 1003 2065 in
1037 2037 1077 2066 v.
1116 2037 1178 2079 19.
1223 2022 1450 2066 Pluralem
1482 2031 1631 2067 autem
1665 2037 1901 2067 numerum

236 2080 293 2122 ad
326 2094 483 2122 unam
517 2079 864 2136 propensionem
887 2080 1030 2123 solam
1052 2080 1355 2124 denotandam
1379 2080 1420 2124 in
1444 2095 1528 2124 usu
1553 2095 1657 2125 esse
1679 2080 1903 2125 Birtius

237 2137 295 2190 (in
342 2152 384 2194 p.
429 2144 496 2191 ιο)
543 2136 764 2194 exemplis
810 2138 1036 2182 stabilivit.
1113 2138 1183 2182 Ne
1233 2147 1383 2182 autem
1437 2139 1618 2182 minima
1669 2147 1903 2183 remaneat

236 2195 474 2246 dubitatio,
517 2210 685 2239 verene
724 2196 854 2239 »haec
897 2196 1061 2239 studia«
1106 2196 1149 2240 in
1183 2211 1222 2240 V.
1255 2197 1313 2240 26
1343 2197 1400 2239 ad
1445 2211 1647 2241 amorem
1679 2205 1901 2255 spectent,

238 2267 449 2296 versuum
483 2253 766 2310 sequentium
789 2267 963 2311 27-—30
984 2254 1362 2311 contemplatione
1385 2253 1585 2298 efficitur.
1634 2254 1740 2310 Quo
1766 2270 1902 2299 enun-

237 2310 347 2353 tiato
379 2325 491 2353 voce
523 2325 698 2367 vquare«¹
731 2311 879 2354 versui
911 2313 969 2355 26
999 2312 1151 2355 addito
1181 2312 1350 2370 optime
1382 2313 1732 2365 demonstratur,
1765 2327 1901 2371 quam

237 2367 434 2425 ineptum
467 2368 536 2418 sit,
569 2368 684 2412 inter
715 2368 879 2412 seriem
911 2370 1234 2414 sententiarum
1269 2369 1395 2413 firme
1421 2379 1751 2423 contextarum,
1784 2385 1903 2428 quae

237 2440 396 2469 omnes
426 2426 522 2469 sine
556 2427 822 2484 exceptione
853 2428 910 2471 ad
942 2427 1016 2471 illa
1048 2443 1251 2471 »munera
1275 2427 1483 2471 Veneris«
1518 2428 1754 2486 pertinent,
1787 2444 1901 2473 »car-

238 2483 422 2527 minumss
453 2484 675 2527 emblema
707 2484 955 2529 intericere.
1009 2485 1155 2529 Nemo
1184 2485 1299 2530 enim
1332 2485 1453 2529 dicat
1475 2487 1640 2538 bonum
1664 2501 1902 2552 argumen-

238 2549 384 2584 torum
417 2555 667 2585 connexum
700 2543 907 2600 praeberi
937 2558 1007 2587 ex.
1029 2558 1097 2601 gr.
1122 2559 1190 2596 eo,
1224 2544 1345 2600 quod
1368 2543 1427 2587 M.
1451 2543 1813 2589 Schmidtius
1844 2546 1902 2594 (in

238 2598 410 2642 wFleck.
441 2598 566 2654 J.-B
606 2600 713 2643 1880
744 2615 786 2657 p.
820 2601 917 2658 783)
949 2602 1205 2659 proposuit:
1251 2602 1348 2645 ··->mit
1385 2602 1636 2646 erotischer
1673 2602 1904 2647 Poesie

238 2656 356 2700 habe
397 2671 446 2699 er
485 2657 629 2700 nichts
669 2673 724 2701 zu
758 2659 887 2710 thun;
935 2659 1114 2703 Verona
1146 2660 1211 2703 sei
1243 2659 1313 2703 fur
1344 2658 1418 2703 ibn
1451 2659 1533 2703 der
1564 2661 1720 2704 rechte
1753 2659 1902 2705 Ort«.

242 2712 407 2757 Verum
450 2715 657 2758 versibus
688 2729 861 2772 27—30
901 2717 1092 2774 simplex
1130 2718 1243 2760 ordo
1274 2717 1599 2761 sententiarum
1632 2719 1688 2762 ad
1721 2733 1903 2763 amores

384 2865 406 2901 'i
435 2866 566 2911 Neque
603 2878 762 2902 necesse
799 2874 858 2903 est
894 2879 963 2902 nos
996 2869 1093 2903 banc
1128 2868 1395 2913 repetitionem
1430 2879 1500 2912 per
1533 2868 1786 2904 imitationem
1814 2869 1903 2906 Aie-

239 2911 512 2948 xandrinorum
531 2914 704 2948 consulto
722 2913 932 2948 institutam
952 2925 1040 2949 esse
1058 2915 1196 2957 dicere,
1224 2922 1263 2950 ut
1290 2914 1329 2950 Ρ.
1357 2913 1791 2951 Weidenbachius
1815 2915 1905 2952 fecit

239 2958 275 2994 in
302 2958 381 2993 diss
419 2969 453 3002 p.
478 2970 525 3003 33
549 2970 617 3004 sq..
642 2970 727 2994 cum
756 2960 883 3004 potius
909 2960 993 3004 ipso
1020 2972 1147 2996 rerum
1175 2961 1308 2996 ordine
1335 2960 1520 2995 declarari
1548 2962 1680 3006 possit.
