1942 3380
733 233 1024 277 *45-

29 344 245 390 sveneris
277 360 467 390 munera
500 347 579 390 tibi
612 348 837 404 praebere
869 363 1050 406 nequeo
1082 352 1141 402 (v.
1165 351 1263 407 32);
1298 349 1452 405 [etiam
1485 351 1723 396 Musarum

28 416 220 450 munera
266 404 389 448 malo
437 405 539 450 loco
587 408 707 462 sunt]
721 422 730 459 ;
779 422 902 451 nam
951 408 1102 465 quod
1150 423 1297 466 pauca
1340 418 1514 453 tantum
1556 410 1725 469 scripta

27 478 208 509 mecum
255 463 354 507 fero
374 499 382 508 .
402 495 413 508 .
434 484 475 508 .«.
561 464 931 523 Haudquaquam
985 475 1138 511 autern
1192 481 1384 511 necesse
1431 477 1543 521 est,·
1579 477 1628 513 ut
1681 469 1724 513 in

27 522 416 584 praecedentibus
448 523 604 568 verbis
643 525 1062 570 »haec..munera«
1103 530 1163 581 (v.
1197 533 1269 583 32)
1311 535 1497 584 praeter
1532 527 1726 572 Veneris

26 581 164 627 etiam
188 581 426 626 Musarum
460 597 650 627 munera
673 584 1017 641 subaudiantur,
1051 585 1175 642 quod
1198 585 1443 629 voluerunt
1465 585 1528 629 W
1544 587 1727 631 eisius

29 642 114 699 (pr.
153 641 266 699 1869
305 656 349 699 p.
387 642 455 698 14)
501 641 846 700 Birtiusque
888 646 947 702 (p.
987 646 1070 701 13).
1133 643 1250 687 Illud
1294 659 1435 688 »nam«
1477 645 1594 689 enim
1635 660 1723 689 non

27 700 87 745 ad
118 699 264 758 ipsius
295 714 461 744 versus
493 715 550 758 32
592 710 866 759 argumenta
899 711 944 746 et
975 703 1119 747 verba
1159 711 1360 761 spectat,
1402 703 1486 748 sed
1528 704 1585 748 ad
1627 719 1723 748 sen·

28 758 218 804 tentiam
250 758 355 803 inde
387 767 535 803 ortam
578 763 806 818 taciteque
838 761 1133 806 interiectam.
1198 761 1356 807 Simile
1388 771 1539 807 autem
1575 778 1726 807 exem·

27 819 155 878 plum
187 818 311 876 apud
344 817 565 863 Ovidium
604 819 832 878 reperitur
873 820 915 864 in
958 821 1067 865 Met.
1112 820 1346 879 VIIIJ531‚
1389 821 1465 866 ubi
1500 821 1725 879 Meleagri

15 877 233 937 ¹parentis
265 876 416 921 luctus
450 878 508 922 de
540 877 617 922 filii
651 887 798 923 morte
829 878 895 924 sic
928 879 1214 938 depingitur:

242 935 463 981 »Pulvere
495 937 706 982 canitiem
737 938 922 995 genitor
952 939 1199 996 vultusque
1232 938 1402 983 seniles

242 995 420 1040 Foedat
453 996 578 1040 humi
610 996 751 1051 fusus,
785 997 1134 1055 spatiosumque
1167 998 1373 1055 increpat
1405 1012 1584 1042 aevum.

244 1054 381 1098 Nam
416 1055 474 1099 de
507 1064 653 1099 matre
685 1071 847 1100 manus
879 1056 963 1100 diri
995 1056 1080 1100 sibi
1113 1057 1296 1101 conscia
1327 1056 1431 1100 facti

5 1162 36 1168 ⁷,
244 1113 415 1171 Exegit
446 1129 623 1173 poenas
656 1123 759 1159 acto
791 1130 875 1173 per
907 1115 1086 1160 viscera
1117 1116 1270 1160 ferro«.

29 1172 119 1217 Hic
141 1172 275 1226 enim,
310 1181 557 1231 postquam
578 1174 723 1232 patris
746 1175 878 1219 dolor
901 1183 1121 1219 tractatus
1145 1183 1227 1229 est,
1253 1175 1411 1219 matris
1434 1175 1727 1220 condiciones

30 1231 334 1288 disseruntur,
368 1247 488 1290 quae
521 1247 650 1291 parS,
694 1248 797 1278 cum
840 1234 1079 1292 superiore
1124 1234 1249 1278 nullo
1291 1234 1428 1278 modo
1471 1233 1726 1278 coniuncta.

29 1291 195 1335 vocula
226 1306 370 1335 »nam«
402 1291 461 1336 ad
493 1292 765 1336 sententiam
789 1292 1059 1336 taciturnam
1082 1293 1299 1337 refertur:
1334 1292 1413 1337 »ita
1436 1301 1568 1351 pater
1579 1310 1590 1347 ;
1626 1293 1726 1350 [sed

31 1350 169 1394 etiam
215 1358 362 1394 mater
402 1350 481 1394 filii
523 1360 672 1395 morte
712 1366 802 1395 non
843 1351 1007 1408 gavisa
1049 1353 1160 1409 est];
1204 1366 1344 1396 narn.
1380 1389 1387 1396 .
1530 1351 1600 1396 Cf.
1636 1350 1725 1396 Ov.

30 1409 139 1454 Met.
174 1408 347 1467 VIl27o
379 1425 446 1467 sq.
464 1412 509 1465 1).

175 1468 301 1524 Quid
334 1477 488 1513 autem
523 1468 736 1513 Catullus
768 1468 812 1512 in
851 1485 926 1513 vv.
960 1471 1136 1527 33—36
1176 1470 1235 1514 de
1275 1470 1531 1514 »Musarum
1574 1484 1727 1513 mune-

30 1527 180 1572 ribus«
211 1527 558 1586 pronuntiavit?
621 1528 783 1580 Dolet,
827 1529 950 1586 quod
993 1543 1139 1586 pauca
1179 1529 1316 1572 modo
1359 1529 1529 1594 scripta
1570 1542 1727 1572 secum

31 1588 214 1641 habeat,
247 1602 349 1631 cum
383 1595 565 1631 suetum
598 1586 742 1645 ipsius
774 1587 1051 1631 domicilium
1084 1587 1262 1632 Romae
1293 1587 1364 1632 sit.
1398 1587 1584 1632 Minime
1611 1601 1729 1644 ergo

31 1645 118 1690 sibi
165 1646 316 1705 nulla
363 1646 535 1704 scripta
576 1654 763 1704 praesto
803 1661 908 1690 esse
949 1646 1058 1690 dicit
1095 1646 1167 1702 (cf.
1200 1646 1519 1703 Kiessling.
1572 1661 1614 1704 p.
1661 1659 1728 1703 15,

30 1705 430 1750 Hoerschelm.
464 1721 507 1764 p.
544 1707 629 1762 14).
692 1706 849 1764 Atque
878 1705 977 1749 fieri
1007 1720 1096 1749 non
1130 1714 1295 1763 potest,
1330 1706 1450 1764 quin,
1484 1720 1586 1749 cum
1620 1704 1727 1748 nihil

32 1764 155 1809 aliud
187 1764 382 1822 legatur,
419 1763 666 1818 Catullum,
701 1772 921 1822 quantum
954 1764 1112 1808 habuit
1144 1764 1433 1823 scriptorum,
1467 1764 1491 1808 i.
1517 1779 1556 1808 e.
1590 1777 1726 1807 unam

31 1823 155 1868 illam
188 1823 446 1882 capsulam,
490 1823 637 1867 amico
669 1839 719 1867 re
751 1838 863 1867 vera
895 1823 1110 1867 tribuisse
1152 1824 1409 1868 credamus,
1474 1822 1561 1867 Cui
1594 1822 1730 1866 Sku-

33 1882 259 1928 tschius
288 1888 348 1941 (p.
377 1883 526 1940 148s9)
549 1882 765 1941 opposuit
788 1891 1112 1939 argumentum
1141 1898 1278 1926 unam
1311 1882 1547 1941 capsulam
1573 1879 1730 1925 Catul-

33 1942 126 1986 lum
158 1941 341 1986 mittere
373 1957 463 1986 non
496 1942 718 2000 potuisse,
752 1956 854 1986 cum
888 1957 943 1985 ea
975 1941 1131 1999 utique
1163 1941 1247 1999 ipsi
1281 1956 1398 1999 opus
1431 1949 1567 1985 esset.
1631 1938 1727 1984 Sed

32 2001 155 2045 unde
198 2001 286 2045 hoc
319 2009 606 2059 compertum
629 2001 798 2044 habeat
820 1999 1179 2044 Skutschius
1211 2000 1387 2054 nescio,
1422 1999 1527 2057 quia
1559 1998 1603 2042 in
1635 2013 1730 2042 car·

34 2059 156 2104 mine
178 2059 371 2103 LXVIII
403 2059 504 2117 ipso
527 2059 630 2104 talis
652 2059 877 2103 sententia
899 2074 989 2103 non
1012 2059 1246 2103 indicatur.
1311 2058 1458 2103 Etiam
1483 2058 1628 2102 altera
1650 2058 1726 2101 ob-

33 2118 191 2163 iectio:
224 2133 359 2162 unam
384 2119 619 2176 capsulam
645 2118 786 2175 longo
808 2118 939 2162 amici
963 2118 1186 2162 insomnio
1204 2117 1476 2162 delectando
1499 2132 1588 2160 non
1617 2115 1731 2160 satis

32 2178 187 2232 fuisse,
211 2177 382 2222 minimi
405 2186 488 2222 est.
538 2177 656 2221 Nam
680 2185 832 2235 poeta,
856 2177 941 2221 etsi
965 2192 1054 2221 non
1078 2177 1219 2221 multa
1242 2177 1389 2221 amico
1412 2175 1575 2220 infelici
1599 2190 1727 2232 prae-

35 2238 146 2281 bere
168 2236 328 2295 potuit,
353 2245 519 2289 tamen,
544 2245 763 2294 quantum
787 2235 947 2294 potuit,
981 2236 1022 2280 ei
1044 2236 1157 2280 dare
1180 2236 1392 2288 debebat,
1426 2243 1515 2287 aut,
1550 2248 1631 2278 cur
1653 2233 1728 2277 illa

35 2311 182 2354 pauca
214 2310 400 2353 quoque
432 2295 713 2354 negavisset,
748 2294 997 2339 declarare.
1060 2295 1164 2339 Hoc
1186 2303 1338 2338 autem
1363 2309 1451 2338 non
1473 2293 1592 2344 fecit,
1626 2306 1727 2336 cum

34 2354 96 2399 nil
128 2354 213 2399 nisi
246 2355 370 2412 quod
403 2354 490 2399 sibi
522 2369 612 2398 non
645 2354 822 2398 multa
860 2354 1030 2412 scripta
1069 2362 1226 2398 essent
1267 2353 1505 2411 proferret.
1570 2353 1729 2407 Itaque

34 2429 110 2459 vv.
132 2415 310 2472 33—36
331 2414 390 2457 ad
413 2428 651 2457 munerum
685 2412 1076 2470 exiguitatem
1110 2412 1341 2470 pertinere
1371 2410 1478 2455 mihi
1502 2410 1728 2474 videntur.

35 2472 88 2518 Si
120 2487 238 2518 vero
272 2472 485 2518 Catullus
518 2472 653 2516 etiam
687 2486 837 2526 unam,
871 2486 1008 2529 quam
1041 2471 1329 2529 possidebat,
1364 2470 1623 2528 capsulam,
1658 2479 1729 2511 tri·

34 2532 181 2576 buere
211 2532 375 2585 noluit,
419 2531 484 2585 id,
529 2539 774 2589 postquam
807 2530 930 2574 illam
963 2530 1130 2574 adesse
1162 2529 1383 2588 prodidit,
1426 2528 1545 2593 aptis
1577 2526 1728 2571 causis

36 2605 262 2635 excusare
294 2590 465 2635 debuit.
530 2590 690 2646 Quare
723 2589 1089 2633 concludendum
1122 2597 1193 2633 est
1224 2596 1408 2646 poetam
1442 2601 1589 2631 amico
1631 2600 1730 2643 par-

35 2664 142 2694 vam
175 2649 354 2708 copiam
387 2649 681 2708 scriptorum,
723 2663 859 2705 quam
887 2648 1106 2698 habebat,
1147 2647 1402 2692 dedisse.
1466 2645 1533 2690 Illi
1575 2653 1728 2689 autem

35 2708 235 2775 opinioni
268 2708 407 2753 etiam
437 2723 648 2753 »munera
669 2706 926 2752 Musarum«
959 2706 1116 2751 Mallio
1148 2706 1331 2750 omnino
1354 2705 1584 2761 denegata
1608 2717 1727 2768 esse,

36 2767 233 2827 simplex
266 2768 513 2812 verborum
549 2765 863 2825 interpretatio
896 2765 1047 2810 officit.
1087 2792 1132 2797 —
1170 2765 1332 2821 Quae
1364 2772 1517 2808 autem
1559 2770 1730 2820 scripta

183 2909 210 2955 ¹)
236 2910 356 2947 Hisce
382 2909 576 2957 exemplis
603 2909 651 2945 H.
671 2908 832 2945 Monsi
860 2910 910 2954 (ρ.
932 2908 1023 2954 16l7)
1043 2907 1306 2944 coniecturam
1327 2907 1425 2942 »iam
1444 2905 1569 2952 quod‘
1597 2914 1731 2949 super-

23 2962 203 2995 'vacuam
229 2969 321 2994 esse
346 2958 651 2994 demonstratur.
