1942 3380
946 281 989 287 —-
1057 269 1106 297 12
1167 280 1220 284 —

260 387 470 430 Ceterum
517 385 708 428 fortasse
748 391 792 426 et
838 381 990 436 lectio,
1037 395 1172 438 quam
1219 381 1440 439 praebent
1479 380 1608 425 codd.
1643 379 1689 424 M
1721 387 1766 424 et
1799 379 1839 423 R
1871 378 1914 423 in'

258 460 297 487 v.
336 457 405 486 11:
1004 439 1044 482 al
1077 438 1211 482 mauli
1939 450 1942 451 ⁷

1006 518 1020 533 »
1082 496 1185 540 mali
1245 516 1260 534 <‹
1940 524 1942 546 3

257 558 311 601 ad
360 557 546 600 similem
589 556 753 600 codicis
795 555 833 598 V
874 554 1197 598 correctionem
1243 554 1482 599 referenda
1525 561 1607 598 est.
1648 553 1766 597 Nam
1807 551 1914 596 illud

256 614 451 666 »manli«,
494 614 615 671 quod
656 629 738 671 per
779 628 828 657 se
861 613 1003 670 ipsum
1036 626 1171 656 sensu
1205 620 1348 666 caret,
1391 627 1416 656 e
1448 611 1704 656 coniectura
1735 610 1918 655 lectoris

258 673 486 716 cuiusdam
529 671 775 728 profectum
823 684 926 713 esse
975 684 1108 714 nemo
1148 670 1403 714 contendat.
1473 668 1635 714 Utrum
1677 677 1827 712 autern
1868 681 1917 711 re

259 745 365 773 vera
412 729 665 772 emendatio
711 730 796 772 iam
843 728 885 771 in
933 728 1029 771 cod.
1064 727 1104 770 V
1136 736 1322 772 exstans
1367 727 1585 772 reddatur
1630 741 1687 771 an
1728 726 1917 770 variatio

258 787 435 830 aliunde
457 787 693 843 adscripta,
728 785 971 829 diiudicare
994 784 1171 829 difficile
1194 794 1277 842 est,
1310 785 1416 843 quia
1437 800 1555 842 quae
1576 784 1691 828 inter
1713 783 1915 828 codicem

262 845 564 887 Veronensem
600 853 643 887 et
675 844 809 887 libros
842 843 886 886 M
920 852 963 886 et
997 843 1036 886 R
1069 843 1317 887 intercedat
1349 842 1651 896 necessitudo,
1695 842 1843 886 adhuc
1875 840 1918 884 in

258 902 395 945 dubio
428 902 740 957 relinquitur.¹l
774 928 826 931 ——

395 969 488 1014 Sed
532 971 772 1014 redeamus
818 971 873 1013 ad
921 970 1090 1027 priora!
1153 969 1353 1014 Priscam
1396 978 1441 1014 et
1482 973 1637 1014 veram
1669 983 1833 1013 versus
1862 967 1921 1011 66

260 1029 491 1072 lectionem
538 1028 765 1072 »Allius«
807 1042 911 1071 esse
954 1028 1161 1072 arbitror.
1233 1027 1369 1083 Quod
1412 1042 1575 1071 nomen
1617 1042 1643 1070 a
1686 1041 1824 1071 versu
1863 1039 1916 1082 41

259 1101 401 1142 usque
433 1087 489 1129 ad
523 1101 560 1129 v.
598 1101 689 1143 150,
724 1087 747 1129 i.
781 1101 819 1129 e.
853 1086 894 1129 in
927 1086 1124 1130 carmine
1147 1085 1386 1139 LXVlub,
1420 1085 1784 1130 constituendum
1817 1098 1921 1128 esse

258 1158 434 1187 censeo.

397 1212 512 1256 Num
537 1222 685 1256 autem
708 1213 837 1256 »Alli«
859 1227 1021 1256 nomen
1043 1214 1286 1257 obscurum
1315 1213 1596 1271 probandum
1630 1219 1766 1265 esset,
1799 1210 1922 1254 dubi-

259 1274 381 1316 tabat
413 1270 801 1327 Westphalius
834 1274 893 1328 (p.
931 1277 1047 1323 100),
1089 1286 1188 1314 curn
1223 1286 1294 1314 vv.
1327 1275 1484 1329 49l50,
1526 1285 1642 1327 quos
1673 1269 1731 1312 ad
1763 1282 1924 1312 cereas

259 1330 354 1374 atrii
403 1328 622 1384 imagines
664 1328 913 1379 referebat,
959 1329 1080 1372 illum
1115 1328 1281 1373 Catulli
1313 1329 1503 1374 amicum
1538 1327 1719 1372 nobili
1749 1340 1924 1384 genere

259 1397 408 1431 natum
442 1401 545 1430 esse
577 1386 759 1429 indicari
792 1395 982 1444 putaret.
1026 1387 1088 1430 At
1111 1402 1390 1439 aranearum,
1425 1395 1473 1430 ut
1494 1385 1713 1443 robiginis
1736 1387 1796 1441 (v.
1823 1385 1923 1449 151)

260 1455 484 1489 mentione
525 1444 565 1487 in
606 1444 866 1488 universum
907 1444 1238 1499 oblivionem2),
1287 1459 1376 1501 qua
1412 1444 1506 1488 Alli
1548 1458 1734 1496 nornen,
1781 1442 1865 1486 nis1
1898 1457 1924 1485 a

261 1503 442 1547 Catullo
475 1501 719 1545 memoriae
751 1502 962 1546 traditum
994 1511 1131 1554 esset,
1163 1503 1445 1556 obrueretur,
1480 1500 1781 1546 demonstrari
1803 1499 1924 1557 equi-

260 1562 362 1604 dem
395 1559 617 1604 existimo.
660 1559 742 1604 Sin
774 1568 923 1604 autem
956 1568 1143 1618 propter
1174 1559 1419 1616 imaginem
1451 1575 1478 1604 a
1508 1568 1646 1618 poeta
1676 1558 1925 1603 adhibitam

261 1618 519 1675 inscriptum
567 1617 639 1661 vel
686 1617 954 1675 insculptum
1002 1617 1130 1662 amici
1177 1633 1341 1662 nomen
1381 1617 1468 1662 illis
1508 1617 1720 1662 versibus
1758 1615 1926 1674 respici

260 1676 414 1728 mavis,
448 1675 554 1732 quid
586 1675 783 1732 impedit,
815 1691 871 1719 ne
899 1676 956 1719 ad
988 1675 1182 1733 sepulcri
1214 1675 1390 1720 titulum
1423 1676 1618 1720 animum
1640 1675 1830 1719 inducas
1850 1681 1928 1718 aut

262 1734 319 1777 ad
338 1734 483 1791 ipsum
503 1732 859 1776 Catullianorum
878 1733 1123 1776 carminum
1142 1733 1355 1790 libellum,
1378 1733 1454 1790 qui
1475 1734 1608 1778 simul
1627 1747 1730 1777 cum
1747 1731 1928 1776 nomine

262 1791 354 1835 Alli
386 1791 614 1834 celebrato
645 1790 883 1834 oblivionis
914 1791 1003 1834 situ
1024 1791 1236 1856 occupari
1258 1791 1435 1849 potuit?
1466 1791 1623 1848 Itaque
1655 1790 1730 1834 illa
1753 1789 1927 1834 West-

262 1848 440 1906 phalii
480 1848 701 1892 sententia
743 1849 799 1891 ad
843 1848 1013 1892 irritum
1047 1849 1177 1893 cad1t.
1242 1849 1383 1893 Immo
1414 1864 1539 1900 vero,
1580 1849 1617 1893 si
1650 1847 1780 1892 amici
1810 1862 1928 1904 gens

262 1905 536 1950 nobilissima
567 1915 611 1949 et
642 1906 889 1950 clarissima
920 1907 1100 1960 fuisset,
1143 1907 1267 1951 velut
1298 1907 1582 1961 Manliorum,
1629 1921 1779 1950 nonne
1810 1905 1926 1950 inso-

264 1964 396 2008 lentia
428 1972 580 2007 essent
613 1962 780 2007 Catulli
812 1965 974 2010 verba:
1007 1979 1058 2008 se
1090 1979 1252 2008 nomen
1284 1965 1436 2021 gentis
1466 1965 1638 2009 amicae
1670 1966 1929 2021 (»vestrum«

264 2037 304 2065 v.
342 2024 438 2079 151‘)
471 2021 667 2065 carmine
700 2021 906 2078 elegiaco
937 2022 1150 2066 oblivioni
1182 2031 1437 2081 temporum
1464 2031 1725 2087 erepturum
1748 2036 1853 2066 esse
1874 2047 1928 2053 —-

264 2094 424 2123 nomen
465 2079 634 2137 gentiS,
682 2094 799 2136 quae
845 2079 942 2124 aliis
988 2081 1126 2125 rebus
1172 2089 1308 2138 atque
1352 2081 1582 2125 amatoriis
1622 2080 1710 2124 iam
1752 2078 1929 2138 pridem

263 2138 456 2181 celebris
500 2137 616 2181 sacta
662 2137 791 2181 erat?
860 2137 1046 2195 Optime
1093 2138 1230 2195 igitur
1273 2147 1439 2196 poetae
1484 2153 1648 2183 versus
1694 2138 1753 2182 ad
1798 2136 1930 2181 »Alli«

263 2210 423 2239 nomen
465 2195 788 2239 accommodati
835 2210 937 2240 esse
970 2195 1196 2249 videntur,
1242 2197 1364 2254 quod
1396 2211 1544 2253 neque
1575 2197 1747 2240 clarum
1778 2210 1930 2252 neque

339 2368 346 2374 .
407 2322 430 2358 ἰ
464 2322 709 2358 Schulzius
750 2324 787 2358 in
834 2323 1043 2359 ›Hermes‹
1083 2323 1210 2359 XXIII
1248 2334 1284 2369 p.
1319 2325 1366 2370 56
1429 2323 1586 2359 disserit
1625 2324 1674 2359 de
1703 2316 1930 2369 'duplicibus

264 2368 404 2404 codicis
430 2369 466 2404 M
492 2369 735 2412 lectionibus,
772 2381 869 2415 quas
894 2370 970 2406 iarn
997 2370 1034 2405 in
1060 2370 1095 2404 V
1121 2370 1295 2406 extitisse
1321 2381 1371 2406 vo
1389 2370 1459 2405 uit:
1500 2369 1593 2405 »Die
1618 2369 1782 2405 meisten
1809 2369 1930 2405 Ditto-

265 2414 475 2460 graphieen
500 2415 586 2450 sind
610 2416 779 2451 redliche
797 2416 996 2452 Versuche
1020 2418 1090 2452 des
1107 2416 1336 2452 Schreibers
1354 2428 1430 2452 von
1447 2416 1494 2462 V,
1520 2416 1582 2452 ein
1601 2417 1800 2452 schweres
1813 2415 1931 2452 Wort

264 2471 311 2495 zu
337 2462 578 2496 entratseln.‹
616 2461 675 2505 (cf.
702 2469 740 2497 et
766 2462 1035 2498 Baehrens.
1068 2461 1151 2498 ed.⁸
1175 2463 1284 2508 proll.
1314 2463 1379 2498 LX
1407 2463 1490 2509 sq.).
1539 2462 1619 2499 Sed
1644 2462 1854 2508 Magnus
1879 2462 1930 2505 (in

268 2506 397 2542 »Burs.
422 2506 660 2551 Jahresbers
691 2510 781 2553 1899
805 2508 884 2551 Cll1
912 2521 949 2554 p.
971 2511 1112 2554 93-96
1136 2509 1231 2554 inpr.
1257 2515 1295 2544 et
1320 2508 1408 2544 ibid.
1434 2515 1527 2545 tom.
1555 2508 1585 2544 C
1610 2520 1646 2555 p.
1668 2509 1748 2554 198)
1774 2509 1931 2544 demon-

265 2553 401 2588 stravit
426 2554 593 2589 codicem
622 2554 658 2589 M
684 2555 841 2590 minime
869 2574 909 2579 -
936 2556 1038 2601 quod
1064 2560 1323 2601 proposuerat
1351 2555 1622 2591 Schulzius
1649 2575 1690 2581 -—
1717 2566 1804 2591 cum
1831 2554 1867 2590 O
1893 2562 1932 2591 et

266 2598 299 2633 G
325 2599 597 2635 conserendum
624 2612 723 2643 esse,
755 2602 825 2636 sed
851 2601 949 2637 inter
974 2614 991 2643 ς
1015 2602 1138 2638 (codd.
1165 2602 1268 2645 min.)
1293 2602 1586 2637 numerandum.
1637 2601 1778 2637 Multas
1802 2606 1929 2637 autem

267 2646 327 2680 vel
366 2646 550 2691 plurimas
586 2647 666 2681 cod.
694 2647 731 2682 M
766 2647 978 2693 scripturas
1011 2648 1226 2693 duplicatas
1257 2648 1551 2684 recentiore
1576 2659 1694 2684 manu
1719 2648 1768 2684 ad
1794 2658 1932 2683 versus

266 2691 349 2744 libri
375 2692 542 2727 adiectas
566 2704 654 2728 esse
679 2693 842 2739 ideoque
869 2694 970 2730 haud
1000 2705 1166 2740 uaquam
1196 2700 1275 2730 tam
1301 2705 1445 2740 graves
1470 2694 1605 2738 videri,
1630 2705 1747 2740 quam
1775 2693 1933 2730 Schul-

267 2748 374 2773 zius
405 2738 587 2774 finxisset.
620 2758 661 2763 —-
695 2739 752 2775 De
786 2741 866 2775 cod.
896 2740 927 2776 R
960 2752 1003 2775 c.
1067 2751 1103 2786 g.
1128 2753 1150 2786 4
1181 2751 1268 2776 ann.
1294 2740 1332 2786 31
1373 2740 1416 2776 Si
1450 2751 1544 2776 vere
1577 2740 1673 2776 liber
1706 2740 1743 2776 R
1776 2739 1934 2786 optimis

267 2784 537 2830 manuscriptis
562 2786 789 2821 inserendus
806 2793 876 2830 est,
902 2787 1017 2822 etiam
1092 2787 1213 2832 pluris
1250 2797 1366 2833 quam
1385 2793 1495 2832 putat
1519 2786 1735 2840 Magnus,
1759 2786 1820 2831 sit,
1845 2798 1932 2822 cum

266 2837 389 2866 artam
435 2831 574 2867 habeat
611 2832 878 2877 cognationem
914 2844 999 2868 cum
1037 2833 1168 2869 codice
1206 2814 1238 2868 lil
1277 2831 1336 2876 (cf.
1374 2832 1604 2868 Haleium
1643 2844 1680 2868 m
1721 2832 1931 2869 »Hermes«

268 2876 465 2912 xxxlvn
495 2888 530 2923 p.
562 2879 669 2922 1411).

410 2933 435 2970 ’ν
459 2935 503 2970 cs.
532 2934 644 2971 Hom.
671 2937 742 2971 Od.
772 2936 922 2982 XVll34
948 2948 1028 2983 sq.;
1054 2937 1218 2972 Theocr.
1243 2935 1452 2982 XVIl96!7;
1479 2936 1593 2982 Prop.
1622 2936 1774 2984 IIIl6l33.
