<?xml version="1.0" encoding="UTF-8"?>
<!DOCTYPE html PUBLIC "-//W3C//DTD XHTML 1.0 Transitional//EN"
    "http://www.w3.org/TR/xhtml1/DTD/xhtml1-transitional.dtd">
<html xmlns="http://www.w3.org/1999/xhtml" xml:lang="en" lang="en">
 <head>
  <title>
</title>
<meta http-equiv="Content-Type" content="text/html;charset=utf-8" />
  <meta name='ocr-system' content='tesseract 3.04.00' />
  <meta name='ocr-capabilities' content='ocr_page ocr_carea ocr_par ocr_line ocrx_word'/>
</head>
<body>
  <div class='ocr_page' id='page_1' title='image "./deduodeseptuages00kalbuoft_0041.png"; bbox 0 0 1942 3380; ppageno 0'>
   <div class='ocr_carea' id='block_1_1' title="bbox 746 247 1039 292">
    <p class='ocr_par' dir='ltr' id='par_1_1' title="bbox 746 247 1039 292">
     <span class='ocr_line' id='line_1_1' title="bbox 746 247 1039 292; baseline 0.007 -28"><span class='ocrx_word' id='word_1_1' title='bbox 746 247 1039 292; x_wconf 65' lang='lat'>-35-</span> 
     </span>
    </p>
   </div>
   <div class='ocr_carea' id='block_1_2' title="bbox 496 409 1294 478">
    <p class='ocr_par' dir='ltr' id='par_1_2' title="bbox 496 409 1294 478">
     <span class='ocr_line' id='line_1_2' title="bbox 496 409 1294 478; baseline 0.006 -16"><span class='ocrx_word' id='word_1_2' title='bbox 496 409 561 463; x_wconf 77' lang='lat' dir='ltr'><strong>V.</strong></span> <span class='ocrx_word' id='word_1_3' title='bbox 602 410 683 463; x_wconf 82' lang='lat' dir='ltr'><strong>De</strong></span> <span class='ocrx_word' id='word_1_4' title='bbox 721 410 940 465; x_wconf 81' lang='lat' dir='ltr'><strong>Catulli</strong></span> <span class='ocrx_word' id='word_1_5' title='bbox 978 413 1294 478; x_wconf 79' lang='lat' dir='ltr'><strong>responsis,</strong></span> 
     </span>
    </p>
   </div>
   <div class='ocr_carea' id='block_1_3' title="bbox 46 523 1748 1118">
    <p class='ocr_par' dir='ltr' id='par_1_3' title="bbox 46 523 1748 1118">
     <span class='ocr_line' id='line_1_3' title="bbox 83 523 1747 590; baseline 0.004 -23"><span class='ocrx_word' id='word_1_6' title='bbox 83 583 91 590; x_wconf 94' lang='lat'><strong>.</strong></span> <span class='ocrx_word' id='word_1_7' title='bbox 192 523 430 590; x_wconf 80' lang='lat' dir='ltr'><strong>Catullus,</strong></span> <span class='ocrx_word' id='word_1_8' title='bbox 479 533 722 584; x_wconf 88' lang='lat' dir='ltr'><strong>postquam</strong></span> <span class='ocrx_word' id='word_1_9' title='bbox 768 542 904 572; x_wconf 89' lang='lat' dir='ltr'><strong>versu</strong></span> <span class='ocrx_word' id='word_1_10' title='bbox 951 527 1130 573; x_wconf 91' lang='lat' dir='ltr'><strong>decimo</strong></span> <span class='ocrx_word' id='word_1_11' title='bbox 1180 529 1271 573; x_wconf 91' lang='lat' dir='ltr'><strong>duo</strong></span> <span class='ocrx_word' id='word_1_12' title='bbox 1322 545 1510 574; x_wconf 89' lang='lat' dir='ltr'><strong>munera</strong></span> <span class='ocrx_word' id='word_1_13' title='bbox 1554 544 1747 587; x_wconf 91' lang='lat' dir='ltr'><strong>prorsus</strong></span> 
     </span>
     <span class='ocr_line' id='line_1_4' title="bbox 46 583 1745 650; baseline 0.004 -23"><span class='ocrx_word' id='word_1_14' title='bbox 46 583 235 650; x_wconf 75' lang='lat' dir='ltr'><strong>diversa</strong></span> <span class='ocrx_word' id='word_1_15' title='bbox 282 598 478 628; x_wconf 77' lang='lat' dir='ltr'><strong>amicum</strong></span> <span class='ocrx_word' id='word_1_16' title='bbox 535 585 806 643; x_wconf 85' lang='lat' dir='ltr'><strong>poposcisse</strong></span> <span class='ocrx_word' id='word_1_17' title='bbox 859 586 1191 645; x_wconf 87' lang='lat' dir='ltr'><strong>pronuntiavit,</strong></span> <span class='ocrx_word' id='word_1_18' title='bbox 1249 589 1308 633; x_wconf 92' lang='lat' dir='ltr'><strong>de</strong></span> <span class='ocrx_word' id='word_1_19' title='bbox 1352 588 1420 633; x_wconf 93' lang='lat' dir='ltr'><strong>eis</strong></span> <span class='ocrx_word' id='word_1_20' title='bbox 1463 589 1745 646; x_wconf 88' lang='lat' dir='ltr'><strong>respondere</strong></span> 
     </span>
     <span class='ocr_line' id='line_1_5' title="bbox 48 642 1746 704; baseline 0.004 -18"><span class='ocrx_word' id='word_1_21' title='bbox 48 650 217 701; x_wconf 79' lang='lat' dir='ltr'><strong>incipit.</strong></span> <span class='ocrx_word' id='word_1_22' title='bbox 281 642 442 701; x_wconf 88' lang='lat' dir='ltr'>Atque</span> <span class='ocrx_word' id='word_1_23' title='bbox 476 658 593 695; x_wconf 92' lang='lat' dir='ltr'><strong>eum,</strong></span> <span class='ocrx_word' id='word_1_24' title='bbox 628 659 746 701; x_wconf 91' lang='lat' dir='ltr'><strong>quae</strong></span> <span class='ocrx_word' id='word_1_25' title='bbox 778 645 960 690; x_wconf 88' lang='lat' dir='ltr'><strong>Mallius</strong></span> <span class='ocrx_word' id='word_1_26' title='bbox 993 646 1310 704; x_wconf 82' lang='lat' dir='ltr'><strong>requisiverat,</strong></span> <span class='ocrx_word' id='word_1_27' title='bbox 1344 656 1423 692; x_wconf 90' lang='lat' dir='ltr'><strong>aut</strong></span> <span class='ocrx_word' id='word_1_28' title='bbox 1453 646 1636 691; x_wconf 90' lang='lat' dir='ltr'><strong>omnino</strong></span> <span class='ocrx_word' id='word_1_29' title='bbox 1668 657 1746 692; x_wconf 88' lang='lat' dir='ltr'><strong>aut</strong></span> 
     </span>
     <span class='ocr_line' id='line_1_6' title="bbox 49 704 1745 768; baseline 0.003 -23"><span class='ocrx_word' id='word_1_30' title='bbox 49 716 107 768; x_wconf 79' lang='lat' dir='ltr'><strong>ex</strong></span> <span class='ocrx_word' id='word_1_31' title='bbox 148 709 281 760; x_wconf 90' lang='lat' dir='ltr'><strong>parte</strong></span> <span class='ocrx_word' id='word_1_32' title='bbox 324 710 645 746; x_wconf 85' lang='lat' dir='ltr'><strong>recusaturum</strong></span> <span class='ocrx_word' id='word_1_33' title='bbox 678 718 784 748; x_wconf 90' lang='lat' dir='ltr'><strong>esse</strong></span> <span class='ocrx_word' id='word_1_34' title='bbox 817 719 874 748; x_wconf 89' lang='lat' dir='ltr'><strong>ex</strong></span> <span class='ocrx_word' id='word_1_35' title='bbox 907 704 1008 763; x_wconf 91' lang='lat' dir='ltr'><strong>ipsa</strong></span> <span class='ocrx_word' id='word_1_36' title='bbox 1040 705 1357 750; x_wconf 90' lang='lat' dir='ltr'><strong>coniunctione</strong></span> <span class='ocrx_word' id='word_1_37' title='bbox 1390 705 1499 750; x_wconf 92' lang='lat' dir='ltr'><strong>initii</strong></span> <span class='ocrx_word' id='word_1_38' title='bbox 1532 706 1745 751; x_wconf 76' lang='lat' dir='ltr'><strong>adversa-</strong></span> 
     </span>
     <span class='ocr_line' id='line_1_7' title="bbox 48 761 1748 823; baseline 0.002 -17"><span class='ocrx_word' id='word_1_39' title='bbox 48 768 143 806; x_wconf 90' lang='lat' dir='ltr'><strong>t1va</strong></span> <span class='ocrx_word' id='word_1_40' title='bbox 184 764 246 816; x_wconf 91' lang='lat' dir='ltr'><strong>(v.</strong></span> <span class='ocrx_word' id='word_1_41' title='bbox 284 776 332 804; x_wconf 90' lang='lat'><strong>11</strong></span> <span class='ocrx_word' id='word_1_42' title='bbox 374 761 513 817; x_wconf 85' lang='lat' dir='ltr'><strong>›&gt;sed«)</strong></span> <span class='ocrx_word' id='word_1_43' title='bbox 557 770 761 820; x_wconf 89' lang='lat' dir='ltr'><strong>apparet.</strong></span> <span class='ocrx_word' id='word_1_44' title='bbox 825 762 921 808; x_wconf 87' lang='lat' dir='ltr'><strong>Sed</strong></span> <span class='ocrx_word' id='word_1_45' title='bbox 954 772 1111 822; x_wconf 76' lang='lat' dir='ltr'><strong>poeta,</strong></span> <span class='ocrx_word' id='word_1_46' title='bbox 1154 764 1420 823; x_wconf 84' lang='lat' dir='ltr'><strong>priusquam</strong></span> <span class='ocrx_word' id='word_1_47' title='bbox 1462 780 1669 809; x_wconf 87' lang='lat' dir='ltr'><strong>»munera</strong></span> <span class='ocrx_word' id='word_1_48' title='bbox 1702 774 1748 809; x_wconf 89' lang='lat' dir='ltr'><strong>et</strong></span> 
     </span>
     <span class='ocr_line' id='line_1_8' title="bbox 49 819 1746 882; baseline 0.002 -19"><span class='ocrx_word' id='word_1_49' title='bbox 49 819 287 864; x_wconf 85' lang='lat' dir='ltr'><strong>Musarum</strong></span> <span class='ocrx_word' id='word_1_50' title='bbox 321 828 368 864; x_wconf 94' lang='lat' dir='ltr'><strong>et</strong></span> <span class='ocrx_word' id='word_1_51' title='bbox 391 819 606 865; x_wconf 83' lang='lat' dir='ltr'><strong>Veneris«</strong></span> <span class='ocrx_word' id='word_1_52' title='bbox 638 820 902 880; x_wconf 87' lang='lat' dir='ltr'><strong>singulatim</strong></span> <span class='ocrx_word' id='word_1_53' title='bbox 935 838 1019 881; x_wconf 89' lang='lat' dir='ltr'><strong>pro</strong></span> <span class='ocrx_word' id='word_1_54' title='bbox 1052 837 1104 867; x_wconf 89' lang='lat' dir='ltr'><strong>se</strong></span> <span class='ocrx_word' id='word_1_55' title='bbox 1136 838 1348 882; x_wconf 90' lang='lat' dir='ltr'><strong>quaeque</strong></span> <span class='ocrx_word' id='word_1_56' title='bbox 1371 832 1549 875; x_wconf 87' lang='lat' dir='ltr'><strong>tractat,</strong></span> <span class='ocrx_word' id='word_1_57' title='bbox 1582 839 1608 867; x_wconf 95' lang='lat' dir='ltr'><strong>a</strong></span> <span class='ocrx_word' id='word_1_58' title='bbox 1630 824 1746 882; x_wconf 87' lang='lat' dir='ltr'><strong>prin-</strong></span> 
     </span>
     <span class='ocr_line' id='line_1_9' title="bbox 48 879 1744 941; baseline 0.002 -18"><span class='ocrx_word' id='word_1_59' title='bbox 48 879 168 937; x_wconf 89' lang='lat' dir='ltr'><strong>cipio</strong></span> <span class='ocrx_word' id='word_1_60' title='bbox 200 883 289 933; x_wconf 89' lang='lat' dir='ltr'><strong>(vv.</strong></span> <span class='ocrx_word' id='word_1_61' title='bbox 327 885 516 936; x_wconf 89' lang='lat'>11—14)</span> <span class='ocrx_word' id='word_1_62' title='bbox 556 880 598 924; x_wconf 92' lang='lat' dir='ltr'><strong>in</strong></span> <span class='ocrx_word' id='word_1_63' title='bbox 641 881 906 925; x_wconf 90' lang='lat' dir='ltr'><strong>universum</strong></span> <span class='ocrx_word' id='word_1_64' title='bbox 939 881 1209 926; x_wconf 88' lang='lat' dir='ltr'><strong>miserarum</strong></span> <span class='ocrx_word' id='word_1_65' title='bbox 1242 882 1385 941; x_wconf 88' lang='lat' dir='ltr'><strong>ipsius</strong></span> <span class='ocrx_word' id='word_1_66' title='bbox 1417 882 1744 934; x_wconf 88' lang='lat' dir='ltr'><strong>condicionum,</strong></span> 
     </span>
     <span class='ocr_line' id='line_1_10' title="bbox 47 938 1744 1000; baseline 0.001 -18"><span class='ocrx_word' id='word_1_67' title='bbox 47 938 216 997; x_wconf 90' lang='lat' dir='ltr'><strong>quibus</strong></span> <span class='ocrx_word' id='word_1_68' title='bbox 247 938 388 982; x_wconf 87' lang='lat' dir='ltr'><strong>»dona</strong></span> <span class='ocrx_word' id='word_1_69' title='bbox 422 940 576 983; x_wconf 86' lang='lat' dir='ltr'><strong>beata«</strong></span> <span class='ocrx_word' id='word_1_70' title='bbox 608 939 720 983; x_wconf 88' lang='lat' dir='ltr'><strong>dare</strong></span> <span class='ocrx_word' id='word_1_71' title='bbox 752 940 1063 998; x_wconf 90' lang='lat' dir='ltr'><strong>prohibeatur,</strong></span> <span class='ocrx_word' id='word_1_72' title='bbox 1111 941 1454 986; x_wconf 89' lang='lat' dir='ltr'><strong>excusationem</strong></span> <span class='ocrx_word' id='word_1_73' title='bbox 1488 950 1744 1000; x_wconf 87' lang='lat' dir='ltr'><strong>praeparat.</strong></span> 
     </span>
     <span class='ocr_line' id='line_1_11' title="bbox 49 997 1747 1059; baseline 0.002 -18"><span class='ocrx_word' id='word_1_74' title='bbox 49 997 222 1042; x_wconf 88' lang='lat' dir='ltr'><strong>Verum</strong></span> <span class='ocrx_word' id='word_1_75' title='bbox 271 997 392 1042; x_wconf 91' lang='lat' dir='ltr'><strong>hunc</strong></span> <span class='ocrx_word' id='word_1_76' title='bbox 443 998 594 1043; x_wconf 90' lang='lat' dir='ltr'><strong>locum</strong></span> <span class='ocrx_word' id='word_1_77' title='bbox 636 1007 730 1042; x_wconf 92' lang='lat' dir='ltr'><strong>tum</strong></span> <span class='ocrx_word' id='word_1_78' title='bbox 774 999 958 1043; x_wconf 91' lang='lat' dir='ltr'><strong>demum</strong></span> <span class='ocrx_word' id='word_1_79' title='bbox 1000 1008 1125 1044; x_wconf 90' lang='lat' dir='ltr'><strong>recte</strong></span> <span class='ocrx_word' id='word_1_80' title='bbox 1166 1000 1437 1058; x_wconf 87' lang='lat' dir='ltr'><strong>intellegere</strong></span> <span class='ocrx_word' id='word_1_81' title='bbox 1480 999 1747 1059; x_wconf 86' lang='lat' dir='ltr'><strong>poterimus,</strong></span> 
     </span>
     <span class='ocr_line' id='line_1_12' title="bbox 48 1057 1696 1118; baseline 0.001 -17"><span class='ocrx_word' id='word_1_82' title='bbox 48 1071 152 1101; x_wconf 91' lang='lat' dir='ltr'><strong>cum</strong></span> <span class='ocrx_word' id='word_1_83' title='bbox 186 1071 352 1101; x_wconf 89' lang='lat' dir='ltr'><strong>versus</strong></span> <span class='ocrx_word' id='word_1_84' title='bbox 390 1060 563 1116; x_wconf 86' lang='lat'>15—36</span> <span class='ocrx_word' id='word_1_85' title='bbox 594 1058 706 1102; x_wconf 90' lang='lat' dir='ltr'><strong>satis</strong></span> <span class='ocrx_word' id='word_1_86' title='bbox 739 1057 1132 1103; x_wconf 85' lang='lat' dir='ltr'><strong>illustraverimus.</strong></span> <span class='ocrx_word' id='word_1_87' title='bbox 1198 1058 1267 1104; x_wconf 92' lang='lat' dir='ltr'><strong>Cf.</strong></span> <span class='ocrx_word' id='word_1_88' title='bbox 1302 1060 1370 1117; x_wconf 87' lang='lat' dir='ltr'><strong>hs.</strong></span> <span class='ocrx_word' id='word_1_89' title='bbox 1403 1075 1502 1118; x_wconf 90' lang='lat' dir='ltr'><strong>cap.</strong></span> <span class='ocrx_word' id='word_1_90' title='bbox 1535 1058 1696 1103; x_wconf 85' lang='lat' dir='ltr'><strong>finem!</strong></span> 
     </span>
    </p>
   </div>
   <div class='ocr_carea' id='block_1_4' title="bbox 48 1128 1752 1601">
    <p class='ocr_par' dir='ltr' id='par_1_4' title="bbox 48 1128 1752 1601">
     <span class='ocr_line' id='line_1_13' title="bbox 192 1128 1749 1188; baseline 0.001 -16"><span class='ocrx_word' id='word_1_91' title='bbox 192 1128 354 1186; x_wconf 93' lang='lat' dir='ltr'><strong>Itaque</strong></span> <span class='ocrx_word' id='word_1_92' title='bbox 398 1144 424 1173; x_wconf 93' lang='lat' dir='ltr'><strong>a</strong></span> <span class='ocrx_word' id='word_1_93' title='bbox 466 1128 680 1173; x_wconf 87' lang='lat' dir='ltr'><strong>versibus</strong></span> <span class='ocrx_word' id='word_1_94' title='bbox 724 1143 895 1187; x_wconf 83' lang='lat'><strong>15—-32</strong></span> <span class='ocrx_word' id='word_1_95' title='bbox 942 1129 1026 1174; x_wconf 91' lang='lat' dir='ltr'><strong>rite</strong></span> <span class='ocrx_word' id='word_1_96' title='bbox 1071 1130 1278 1188; x_wconf 84' lang='lat' dir='ltr'><strong>coepturi</strong></span> <span class='ocrx_word' id='word_1_97' title='bbox 1319 1130 1543 1175; x_wconf 89' lang='lat' dir='ltr'><strong>videmur.</strong></span> <span class='ocrx_word' id='word_1_98' title='bbox 1615 1129 1749 1185; x_wconf 85' lang='lat' dir='ltr'><strong>Quos</strong></span> 
     </span>
     <span class='ocr_line' id='line_1_14' title="bbox 48 1186 1748 1247; baseline 0.001 -16"><span class='ocrx_word' id='word_1_99' title='bbox 48 1186 265 1246; x_wconf 91' lang='lat' dir='ltr'><strong>equidem</strong></span> <span class='ocrx_word' id='word_1_100' title='bbox 317 1187 567 1246; x_wconf 91' lang='lat' dir='ltr'><strong>praecipue</strong></span> <span class='ocrx_word' id='word_1_101' title='bbox 612 1188 679 1232; x_wconf 93' lang='lat' dir='ltr'><strong>ad</strong></span> <span class='ocrx_word' id='word_1_102' title='bbox 721 1189 989 1245; x_wconf 92' lang='lat' dir='ltr'><strong>neganda</strong></span> <span class='ocrx_word' id='word_1_103' title='bbox 1030 1204 1285 1234; x_wconf 90' lang='lat' dir='ltr'><strong>»munera</strong></span> <span class='ocrx_word' id='word_1_104' title='bbox 1327 1188 1592 1233; x_wconf 89' lang='lat' dir='ltr'><strong>Veneris«</strong></span> <span class='ocrx_word' id='word_1_105' title='bbox 1634 1203 1748 1247; x_wconf 87' lang='lat' dir='ltr'><strong>per·</strong></span> 
     </span>
     <span class='ocr_line' id='line_1_15' title="bbox 49 1246 1749 1303; baseline 0.001 -13"><span class='ocrx_word' id='word_1_106' title='bbox 49 1247 245 1291; x_wconf 86' lang='lat' dir='ltr'><strong>tinere</strong></span> <span class='ocrx_word' id='word_1_107' title='bbox 278 1261 460 1291; x_wconf 90' lang='lat' dir='ltr'><strong>censeo.</strong></span> <span class='ocrx_word' id='word_1_108' title='bbox 525 1246 742 1303; x_wconf 76' lang='lat' dir='ltr'><strong>Querens</strong></span> <span class='ocrx_word' id='word_1_109' title='bbox 776 1247 896 1291; x_wconf 89' lang='lat' dir='ltr'><strong>enirn</strong></span> <span class='ocrx_word' id='word_1_110' title='bbox 931 1247 1143 1292; x_wconf 87' lang='lat' dir='ltr'><strong>Catullus</strong></span> <span class='ocrx_word' id='word_1_111' title='bbox 1175 1248 1281 1292; x_wconf 89' lang='lat' dir='ltr'><strong>dicit</strong></span> <span class='ocrx_word' id='word_1_112' title='bbox 1313 1262 1365 1292; x_wconf 92' lang='lat' dir='ltr'><strong>se</strong></span> <span class='ocrx_word' id='word_1_113' title='bbox 1397 1247 1560 1292; x_wconf 89' lang='lat' dir='ltr'><strong>aetatis</strong></span> <span class='ocrx_word' id='word_1_114' title='bbox 1592 1249 1749 1303; x_wconf 86' lang='lat' dir='ltr'><strong>vere1)</strong></span> 
     </span>
     <span class='ocr_line' id='line_1_16' title="bbox 49 1305 1750 1365; baseline 0.001 -16"><span class='ocrx_word' id='word_1_115' title='bbox 49 1305 152 1364; x_wconf 92' lang='lat' dir='ltr'><strong>ipso</strong></span> <span class='ocrx_word' id='word_1_116' title='bbox 197 1306 310 1350; x_wconf 90' lang='lat' dir='ltr'><strong>satis</strong></span> <span class='ocrx_word' id='word_1_117' title='bbox 352 1306 495 1350; x_wconf 91' lang='lat' dir='ltr'><strong>multa</strong></span> <span class='ocrx_word' id='word_1_118' title='bbox 534 1306 805 1350; x_wconf 84' lang='lat' dir='ltr'><strong>»lusisse«.</strong></span> <span class='ocrx_word' id='word_1_119' title='bbox 871 1306 944 1351; x_wconf 92' lang='lat' dir='ltr'><strong>De</strong></span> <span class='ocrx_word' id='word_1_120' title='bbox 987 1321 1076 1364; x_wconf 93' lang='lat' dir='ltr'><strong>qua</strong></span> <span class='ocrx_word' id='word_1_121' title='bbox 1110 1322 1225 1351; x_wconf 91' lang='lat' dir='ltr'><strong>voce</strong></span> <span class='ocrx_word' id='word_1_122' title='bbox 1258 1306 1379 1351; x_wconf 90' lang='lat' dir='ltr'><strong>docti</strong></span> <span class='ocrx_word' id='word_1_123' title='bbox 1411 1307 1548 1365; x_wconf 91' lang='lat' dir='ltr'><strong>plane</strong></span> <span class='ocrx_word' id='word_1_124' title='bbox 1579 1306 1750 1351; x_wconf 87' lang='lat' dir='ltr'><strong>dissen-</strong></span> 
     </span>
     <span class='ocr_line' id='line_1_17' title="bbox 49 1364 1750 1424; baseline 0 -15"><span class='ocrx_word' id='word_1_125' title='bbox 49 1374 230 1418; x_wconf 88' lang='lat' dir='ltr'><strong>serunt,</strong></span> <span class='ocrx_word' id='word_1_126' title='bbox 279 1380 382 1409; x_wconf 92' lang='lat' dir='ltr'><strong>cum</strong></span> <span class='ocrx_word' id='word_1_127' title='bbox 427 1365 470 1409; x_wconf 87' lang='lat' dir='ltr'><strong>hi</strong></span> <span class='ocrx_word' id='word_1_128' title='bbox 512 1364 778 1421; x_wconf 87' lang='lat' dir='ltr'><strong>(Ellisius</strong></span> <span class='ocrx_word' id='word_1_129' title='bbox 819 1364 862 1409; x_wconf 92' lang='lat' dir='ltr'><strong>in</strong></span> <span class='ocrx_word' id='word_1_130' title='bbox 905 1380 1067 1409; x_wconf 89' lang='lat' dir='ltr'><strong>comm.</strong></span> <span class='ocrx_word' id='word_1_131' title='bbox 1103 1381 1145 1423; x_wconf 93' lang='lat' dir='ltr'><strong>p.</strong></span> <span class='ocrx_word' id='word_1_132' title='bbox 1178 1380 1266 1424; x_wconf 85' lang='lat'><strong>323</strong></span> <span class='ocrx_word' id='word_1_133' title='bbox 1306 1366 1363 1411; x_wconf 91' lang='lat' dir='ltr'><strong>ad</strong></span> <span class='ocrx_word' id='word_1_134' title='bbox 1404 1381 1446 1409; x_wconf 90' lang='lat' dir='ltr'><strong>v.</strong></span> <span class='ocrx_word' id='word_1_135' title='bbox 1484 1379 1535 1423; x_wconf 93' lang='lat'><strong>17</strong></span> <span class='ocrx_word' id='word_1_136' title='bbox 1568 1365 1750 1422; x_wconf 86' lang='lat' dir='ltr'><strong>aliique)</strong></span> 
     </span>
     <span class='ocr_line' id='line_1_18' title="bbox 52 1423 1751 1478; baseline 0 -10"><span class='ocrx_word' id='word_1_137' title='bbox 52 1439 154 1468; x_wconf 90' lang='lat' dir='ltr'><strong>eam</strong></span> <span class='ocrx_word' id='word_1_138' title='bbox 197 1424 266 1468; x_wconf 92' lang='lat' dir='ltr'><strong>ad</strong></span> <span class='ocrx_word' id='word_1_139' title='bbox 301 1424 469 1469; x_wconf 89' lang='lat' dir='ltr'><strong>lusus</strong></span> <span class='ocrx_word' id='word_1_140' title='bbox 502 1424 823 1468; x_wconf 88' lang='lat' dir='ltr'><strong>amatorios</strong></span> <span class='ocrx_word' id='word_1_141' title='bbox 854 1424 1142 1468; x_wconf 88' lang='lat' dir='ltr'><strong>referendam</strong></span> <span class='ocrx_word' id='word_1_142' title='bbox 1175 1439 1282 1469; x_wconf 89' lang='lat' dir='ltr'><strong>esse</strong></span> <span class='ocrx_word' id='word_1_143' title='bbox 1313 1424 1655 1478; x_wconf 88' lang='lat' dir='ltr'><strong>arbitrarentur,</strong></span> <span class='ocrx_word' id='word_1_144' title='bbox 1689 1423 1751 1468; x_wconf 90' lang='lat' dir='ltr'><strong>illi</strong></span> 
     </span>
     <span class='ocr_line' id='line_1_19' title="bbox 51 1482 1752 1542; baseline 0 -15"><span class='ocrx_word' id='word_1_145' title='bbox 51 1483 176 1538; x_wconf 89' lang='lat' dir='ltr'><strong>(inde</strong></span> <span class='ocrx_word' id='word_1_146' title='bbox 228 1499 254 1527; x_wconf 90' lang='lat' dir='ltr'><strong>a</strong></span> <span class='ocrx_word' id='word_1_147' title='bbox 308 1482 526 1542; x_wconf 91' lang='lat' dir='ltr'><strong>Vulpio</strong></span> <span class='ocrx_word' id='word_1_148' title='bbox 588 1499 631 1542; x_wconf 92' lang='lat' dir='ltr'><strong>p.</strong></span> <span class='ocrx_word' id='word_1_149' title='bbox 675 1483 841 1542; x_wconf 69' lang='lat' dir='ltr'>389J90</span> <span class='ocrx_word' id='word_1_150' title='bbox 882 1483 1112 1542; x_wconf 91' lang='lat' dir='ltr'><strong>plerique,</strong></span> <span class='ocrx_word' id='word_1_151' title='bbox 1174 1484 1422 1528; x_wconf 91' lang='lat' dir='ltr'><strong>novissime</strong></span> <span class='ocrx_word' id='word_1_152' title='bbox 1475 1482 1752 1528; x_wconf 92' lang='lat' dir='ltr'><strong>Weberus</strong></span> 
     </span>
     <span class='ocr_line' id='line_1_20' title="bbox 55 1540 1750 1601; baseline -0.001 -14"><span class='ocrx_word' id='word_1_153' title='bbox 55 1558 98 1601; x_wconf 92' lang='lat' dir='ltr'><strong>p.</strong></span> <span class='ocrx_word' id='word_1_154' title='bbox 141 1557 226 1600; x_wconf 84' lang='lat'><strong>109</strong></span> <span class='ocrx_word' id='word_1_155' title='bbox 261 1550 307 1587; x_wconf 90' lang='lat' dir='ltr'><strong>et</strong></span> <span class='ocrx_word' id='word_1_156' title='bbox 343 1542 401 1587; x_wconf 94' lang='lat' dir='ltr'><strong>H.</strong></span> <span class='ocrx_word' id='word_1_157' title='bbox 436 1542 680 1587; x_wconf 89' lang='lat' dir='ltr'><strong>Monsius</strong></span> <span class='ocrx_word' id='word_1_158' title='bbox 713 1557 755 1600; x_wconf 92' lang='lat' dir='ltr'><strong>p.</strong></span> <span class='ocrx_word' id='word_1_159' title='bbox 799 1545 868 1598; x_wconf 88' lang='lat'><strong>14)</strong></span> <span class='ocrx_word' id='word_1_160' title='bbox 901 1543 958 1585; x_wconf 90' lang='lat' dir='ltr'><strong>ad</strong></span> <span class='ocrx_word' id='word_1_161' title='bbox 998 1541 1254 1586; x_wconf 92' lang='lat' dir='ltr'><strong>carmina</strong></span> <span class='ocrx_word' id='word_1_162' title='bbox 1294 1542 1523 1587; x_wconf 88' lang='lat' dir='ltr'><strong>ludicra</strong></span> <span class='ocrx_word' id='word_1_163' title='bbox 1555 1540 1750 1586; x_wconf 92' lang='lat' dir='ltr'><strong>erotici</strong></span> 
     </span>
    </p>
   </div>
   <div class='ocr_carea' id='block_1_5' title="bbox 50 1601 679 1646">
    <p class='ocr_par' dir='ltr' id='par_1_5' title="bbox 50 1601 679 1646">
     <span class='ocr_line' id='line_1_21' title="bbox 50 1601 679 1646; baseline 0 0"><span class='ocrx_word' id='word_1_164' title='bbox 50 1601 287 1646; x_wconf 74' lang='lat' dir='ltr'><strong>coloris</strong></span> <span class='ocrx_word' id='word_1_165' title='bbox 675 1631 679 1636; x_wconf 78' lang='lat'><strong>·</strong></span> 
     </span>
    </p>
   </div>
   <div class='ocr_carea' id='block_1_6' title="bbox 50 1671 1756 2322">
    <p class='ocr_par' dir='ltr' id='par_1_6' title="bbox 50 1671 1756 2322">
     <span class='ocr_line' id='line_1_22' title="bbox 195 1671 1752 1729; baseline -0.001 -13"><span class='ocrx_word' id='word_1_166' title='bbox 195 1671 292 1716; x_wconf 89' lang='lat' dir='ltr'><strong>Sed</strong></span> <span class='ocrx_word' id='word_1_167' title='bbox 326 1672 364 1716; x_wconf 88' lang='lat' dir='ltr'><strong>si</strong></span> <span class='ocrx_word' id='word_1_168' title='bbox 400 1671 570 1716; x_wconf 91' lang='lat' dir='ltr'><strong>Catulli</strong></span> <span class='ocrx_word' id='word_1_169' title='bbox 603 1686 864 1715; x_wconf 89' lang='lat' dir='ltr'><strong>sermonem</strong></span> <span class='ocrx_word' id='word_1_170' title='bbox 897 1671 1191 1729; x_wconf 85' lang='lat' dir='ltr'><strong>respicimus,</strong></span> <span class='ocrx_word' id='word_1_171' title='bbox 1235 1686 1385 1729; x_wconf 90' lang='lat' dir='ltr'><strong>neque</strong></span> <span class='ocrx_word' id='word_1_172' title='bbox 1424 1686 1559 1715; x_wconf 91' lang='lat' dir='ltr'><strong>unam</strong></span> <span class='ocrx_word' id='word_1_173' title='bbox 1602 1685 1752 1729; x_wconf 91' lang='lat' dir='ltr'><strong>neque</strong></span> 
     </span>
     <span class='ocr_line' id='line_1_23' title="bbox 50 1730 1751 1776; baseline -0.002 0"><span class='ocrx_word' id='word_1_174' title='bbox 50 1732 244 1776; x_wconf 89' lang='lat' dir='ltr'><strong>alteram</strong></span> <span class='ocrx_word' id='word_1_175' title='bbox 279 1731 511 1776; x_wconf 91' lang='lat' dir='ltr'><strong>notionem</strong></span> <span class='ocrx_word' id='word_1_176' title='bbox 545 1731 695 1774; x_wconf 92' lang='lat' dir='ltr'><strong>nudae</strong></span> <span class='ocrx_word' id='word_1_177' title='bbox 717 1730 819 1774; x_wconf 92' lang='lat' dir='ltr'><strong>voci</strong></span> <span class='ocrx_word' id='word_1_178' title='bbox 842 1730 1065 1774; x_wconf 85' lang='lat' dir='ltr'><strong>»ludendi«</strong></span> <span class='ocrx_word' id='word_1_179' title='bbox 1088 1730 1377 1774; x_wconf 90' lang='lat' dir='ltr'><strong>tribuendam</strong></span> <span class='ocrx_word' id='word_1_180' title='bbox 1401 1745 1506 1774; x_wconf 88' lang='lat' dir='ltr'><strong>esse</strong></span> <span class='ocrx_word' id='word_1_181' title='bbox 1527 1730 1751 1774; x_wconf 87' lang='lat' dir='ltr'><strong>videmus.</strong></span> 
     </span>
     <span class='ocr_line' id='line_1_24' title="bbox 52 1788 1751 1847; baseline -0.002 -12"><span class='ocrx_word' id='word_1_182' title='bbox 52 1791 197 1835; x_wconf 79' lang='lat' dir='ltr'><strong>Poeta</strong></span> <span class='ocrx_word' id='word_1_183' title='bbox 230 1789 349 1835; x_wconf 90' lang='lat' dir='ltr'><strong>enim</strong></span> <span class='ocrx_word' id='word_1_184' title='bbox 385 1791 471 1835; x_wconf 88' lang='lat' dir='ltr'><strong>hoc</strong></span> <span class='ocrx_word' id='word_1_185' title='bbox 501 1790 646 1834; x_wconf 78' lang='lat' dir='ltr'><strong>verbo</strong></span> <span class='ocrx_word' id='word_1_186' title='bbox 678 1789 962 1834; x_wconf 89' lang='lat' dir='ltr'><strong>sollemniter</strong></span> <span class='ocrx_word' id='word_1_187' title='bbox 994 1790 1175 1847; x_wconf 88' lang='lat' dir='ltr'><strong>planam</strong></span> <span class='ocrx_word' id='word_1_188' title='bbox 1210 1790 1443 1846; x_wconf 90' lang='lat' dir='ltr'><strong>latamque</strong></span> <span class='ocrx_word' id='word_1_189' title='bbox 1481 1788 1751 1834; x_wconf 88' lang='lat' dir='ltr'><strong>sententiam</strong></span> 
     </span>
     <span class='ocr_line' id='line_1_25' title="bbox 51 1847 1752 1904; baseline -0.002 -10"><span class='ocrx_word' id='word_1_190' title='bbox 51 1849 316 1894; x_wconf 88' lang='lat' dir='ltr'><strong>ludibria</strong></span> <span class='ocrx_word' id='word_1_191' title='bbox 347 1848 606 1894; x_wconf 85' lang='lat' dir='ltr'><strong>faciendi</strong></span> <span class='ocrx_word' id='word_1_192' title='bbox 640 1849 840 1893; x_wconf 93' lang='lat' dir='ltr'><strong>denotat.</strong></span> <span class='ocrx_word' id='word_1_193' title='bbox 896 1847 1048 1904; x_wconf 84' lang='lat' dir='ltr'><strong>Quale</strong></span> <span class='ocrx_word' id='word_1_194' title='bbox 1081 1856 1234 1892; x_wconf 89' lang='lat' dir='ltr'><strong>autem</strong></span> <span class='ocrx_word' id='word_1_195' title='bbox 1267 1848 1478 1892; x_wconf 88' lang='lat' dir='ltr'><strong>ludorum</strong></span> <span class='ocrx_word' id='word_1_196' title='bbox 1511 1862 1661 1904; x_wconf 89' lang='lat' dir='ltr'><strong>genus</strong></span> <span class='ocrx_word' id='word_1_197' title='bbox 1693 1847 1752 1891; x_wconf 91' lang='lat' dir='ltr'><strong>in-</strong></span> 
     </span>
     <span class='ocr_line' id='line_1_26' title="bbox 53 1905 1753 1966; baseline -0.003 -12"><span class='ocrx_word' id='word_1_198' title='bbox 53 1909 368 1966; x_wconf 90' lang='lat' dir='ltr'><strong>tellegendum</strong></span> <span class='ocrx_word' id='word_1_199' title='bbox 417 1908 496 1962; x_wconf 89' lang='lat' dir='ltr'><strong>sit,</strong></span> <span class='ocrx_word' id='word_1_200' title='bbox 543 1908 738 1965; x_wconf 89' lang='lat' dir='ltr'><strong>singulis</strong></span> <span class='ocrx_word' id='word_1_201' title='bbox 786 1907 899 1951; x_wconf 91' lang='lat' dir='ltr'><strong>locis</strong></span> <span class='ocrx_word' id='word_1_202' title='bbox 943 1915 1020 1951; x_wconf 91' lang='lat' dir='ltr'><strong>aut</strong></span> <span class='ocrx_word' id='word_1_203' title='bbox 1066 1922 1180 1951; x_wconf 91' lang='lat' dir='ltr'><strong>voce</strong></span> <span class='ocrx_word' id='word_1_204' title='bbox 1224 1906 1540 1965; x_wconf 88' lang='lat' dir='ltr'><strong>explanatoria</strong></span> <span class='ocrx_word' id='word_1_205' title='bbox 1571 1914 1648 1950; x_wconf 90' lang='lat' dir='ltr'><strong>aut</strong></span> <span class='ocrx_word' id='word_1_206' title='bbox 1680 1905 1753 1949; x_wconf 91' lang='lat' dir='ltr'><strong>ad-</strong></span> 
     </span>
     <span class='ocr_line' id='line_1_27' title="bbox 55 1964 1754 2026; baseline -0.003 -13"><span class='ocrx_word' id='word_1_207' title='bbox 55 1969 343 2022; x_wconf 89' lang='lat' dir='ltr'><strong>haerentium</strong></span> <span class='ocrx_word' id='word_1_208' title='bbox 392 1967 591 2026; x_wconf 91' lang='lat' dir='ltr'><strong>partium</strong></span> <span class='ocrx_word' id='word_1_209' title='bbox 639 1966 925 2024; x_wconf 87' lang='lat' dir='ltr'><strong>argumentis</strong></span> <span class='ocrx_word' id='word_1_210' title='bbox 972 1965 1197 2010; x_wconf 86' lang='lat' dir='ltr'><strong>definitur.</strong></span> <span class='ocrx_word' id='word_1_211' title='bbox 1273 1965 1412 2010; x_wconf 88' lang='lat' dir='ltr'><strong>Velut</strong></span> <span class='ocrx_word' id='word_1_212' title='bbox 1462 1965 1506 2009; x_wconf 89' lang='lat' dir='ltr'><strong>in</strong></span> <span class='ocrx_word' id='word_1_213' title='bbox 1553 1964 1754 2009; x_wconf 90' lang='lat' dir='ltr'><strong>carmine</strong></span> 
     </span>
     <span class='ocr_line' id='line_1_28' title="bbox 53 2023 1754 2082; baseline -0.002 -11"><span class='ocrx_word' id='word_1_214' title='bbox 53 2027 143 2082; x_wconf 85' lang='lat' dir='ltr'><strong>Ll2</strong></span> <span class='ocrx_word' id='word_1_215' title='bbox 186 2027 399 2071; x_wconf 80' lang='lat' dir='ltr'><strong>»multum</strong></span> <span class='ocrx_word' id='word_1_216' title='bbox 446 2026 656 2071; x_wconf 87' lang='lat' dir='ltr'><strong>lusimus«</strong></span> <span class='ocrx_word' id='word_1_217' title='bbox 701 2025 913 2069; x_wconf 93' lang='lat' dir='ltr'><strong>continuo</strong></span> <span class='ocrx_word' id='word_1_218' title='bbox 957 2024 1256 2082; x_wconf 90' lang='lat' dir='ltr'><strong>sequentibus</strong></span> <span class='ocrx_word' id='word_1_219' title='bbox 1297 2025 1358 2069; x_wconf 84' lang='lat' dir='ltr'><strong>»in</strong></span> <span class='ocrx_word' id='word_1_220' title='bbox 1404 2024 1518 2069; x_wconf 91' lang='lat' dir='ltr'><strong>meis</strong></span> <span class='ocrx_word' id='word_1_221' title='bbox 1556 2023 1754 2068; x_wconf 81' lang='lat' dir='ltr'><strong>tabellis«</strong></span> 
     </span>
     <span class='ocr_line' id='line_1_29' title="bbox 56 2082 1752 2143; baseline -0.003 -12"><span class='ocrx_word' id='word_1_222' title='bbox 56 2086 310 2131; x_wconf 90' lang='lat' dir='ltr'><strong>illustratur</strong></span> <span class='ocrx_word' id='word_1_223' title='bbox 343 2100 492 2143; x_wconf 91' lang='lat' dir='ltr'><strong>aeque</strong></span> <span class='ocrx_word' id='word_1_224' title='bbox 525 2094 663 2142; x_wconf 92' lang='lat' dir='ltr'><strong>atque</strong></span> <span class='ocrx_word' id='word_1_225' title='bbox 696 2084 738 2128; x_wconf 92' lang='lat' dir='ltr'><strong>in</strong></span> <span class='ocrx_word' id='word_1_226' title='bbox 772 2084 979 2128; x_wconf 92' lang='lat' dir='ltr'><strong>eiusdem</strong></span> <span class='ocrx_word' id='word_1_227' title='bbox 1013 2083 1239 2142; x_wconf 80' lang='lat' dir='ltr'><strong>poematis</strong></span> <span class='ocrx_word' id='word_1_228' title='bbox 1273 2098 1408 2127; x_wconf 84' lang='lat' dir='ltr'><strong>versu</strong></span> <span class='ocrx_word' id='word_1_229' title='bbox 1433 2082 1591 2140; x_wconf 93' lang='lat' dir='ltr'><strong>quinto</strong></span> <span class='ocrx_word' id='word_1_230' title='bbox 1613 2083 1752 2126; x_wconf 78' lang='lat' dir='ltr'><strong>»lude-</strong></span> 
     </span>
     <span class='ocr_line' id='line_1_30' title="bbox 53 2142 1755 2203; baseline -0.002 -14"><span class='ocrx_word' id='word_1_231' title='bbox 53 2146 152 2190; x_wconf 86' lang='lat' dir='ltr'><strong>bat«</strong></span> <span class='ocrx_word' id='word_1_232' title='bbox 184 2144 419 2189; x_wconf 90' lang='lat' dir='ltr'><strong>enuntiato</strong></span> <span class='ocrx_word' id='word_1_233' title='bbox 451 2143 746 2203; x_wconf 90' lang='lat' dir='ltr'><strong>praecedenti</strong></span> <span class='ocrx_word' id='word_1_234' title='bbox 778 2142 1003 2188; x_wconf 85' lang='lat' dir='ltr'><strong>»scribens</strong></span> <span class='ocrx_word' id='word_1_235' title='bbox 1036 2142 1290 2187; x_wconf 89' lang='lat' dir='ltr'><strong>versiculos</strong></span> <span class='ocrx_word' id='word_1_236' title='bbox 1312 2151 1506 2199; x_wconf 90' lang='lat' dir='ltr'><strong>uterque</strong></span> <span class='ocrx_word' id='word_1_237' title='bbox 1530 2149 1755 2186; x_wconf 69' lang='lat' dir='ltr'><strong>nostrum«</strong></span> 
     </span>
     <span class='ocr_line' id='line_1_31' title="bbox 54 2200 1756 2261; baseline -0.003 -12"><span class='ocrx_word' id='word_1_238' title='bbox 54 2204 341 2249; x_wconf 89' lang='lat' dir='ltr'><strong>declaratum</strong></span> <span class='ocrx_word' id='word_1_239' title='bbox 375 2212 447 2248; x_wconf 93' lang='lat' dir='ltr'><strong>est</strong></span> <span class='ocrx_word' id='word_1_240' title='bbox 479 2203 552 2261; x_wconf 88' lang='lat' dir='ltr'><strong>(cf.</strong></span> <span class='ocrx_word' id='word_1_241' title='bbox 588 2202 724 2247; x_wconf 88' lang='lat' dir='ltr'><strong>Birt.</strong></span> <span class='ocrx_word' id='word_1_242' title='bbox 757 2218 800 2260; x_wconf 94' lang='lat' dir='ltr'><strong>p.</strong></span> <span class='ocrx_word' id='word_1_243' title='bbox 823 2203 882 2258; x_wconf 78' lang='lat'><strong>6).</strong></span> <span class='ocrx_word' id='word_1_244' title='bbox 948 2201 1107 2258; x_wconf 82' lang='lat' dir='ltr'><strong>Quare</strong></span> <span class='ocrx_word' id='word_1_245' title='bbox 1139 2201 1298 2245; x_wconf 90' lang='lat' dir='ltr'><strong>iniuria</strong></span> <span class='ocrx_word' id='word_1_246' title='bbox 1331 2201 1374 2245; x_wconf 94' lang='lat' dir='ltr'><strong>id</strong></span> <span class='ocrx_word' id='word_1_247' title='bbox 1408 2200 1492 2245; x_wconf 89' lang='lat' dir='ltr'><strong>sibi</strong></span> <span class='ocrx_word' id='word_1_248' title='bbox 1524 2200 1756 2244; x_wconf 89' lang='lat' dir='ltr'><strong>vindicant</strong></span> 
     </span>
     <span class='ocr_line' id='line_1_32' title="bbox 54 2259 1753 2322; baseline -0.004 -14"><span class='ocrx_word' id='word_1_249' title='bbox 54 2263 344 2322; x_wconf 88' lang='lat' dir='ltr'><strong>exemplum,</strong></span> <span class='ocrx_word' id='word_1_250' title='bbox 392 2262 482 2321; x_wconf 49' lang='lat' dir='ltr'><strong>qui*</strong></span> <span class='ocrx_word' id='word_1_251' title='bbox 513 2262 556 2306; x_wconf 92' lang='lat' dir='ltr'><strong>in</strong></span> <span class='ocrx_word' id='word_1_252' title='bbox 601 2262 688 2306; x_wconf 91' lang='lat' dir='ltr'><strong>hoc</strong></span> <span class='ocrx_word' id='word_1_253' title='bbox 727 2261 939 2306; x_wconf 90' lang='lat' dir='ltr'><strong>carminis</strong></span> <span class='ocrx_word' id='word_1_254' title='bbox 972 2260 1166 2304; x_wconf 90' lang='lat' dir='ltr'>LXVIII</span> <span class='ocrx_word' id='word_1_255' title='bbox 1209 2275 1347 2305; x_wconf 85' lang='lat' dir='ltr'><strong>versu</strong></span> <span class='ocrx_word' id='word_1_256' title='bbox 1391 2260 1588 2304; x_wconf 85' lang='lat' dir='ltr'><strong>»ludere«</strong></span> <span class='ocrx_word' id='word_1_257' title='bbox 1620 2259 1753 2311; x_wconf 90' lang='lat' dir='ltr'><strong>idem,</strong></span> 
     </span>
    </p>
   </div>
   <div class='ocr_carea' id='block_1_7' title="bbox 57 2361 245 2365">
    <p class='ocr_par' dir='ltr' id='par_1_7' title="bbox 57 2361 245 2365">
     <span class='ocr_line' id='line_1_33' title="bbox 57 2361 245 2365; baseline 0 0"><span class='ocrx_word' id='word_1_258' title='bbox 57 2361 245 2365; x_wconf 95' lang='lat' dir='ltr'><strong> </strong></span> 
     </span>
    </p>
   </div>
   <div class='ocr_carea' id='block_1_8' title="bbox 247 2361 340 2364">
    <p class='ocr_par' dir='ltr' id='par_1_8' title="bbox 247 2361 340 2364">
     <span class='ocr_line' id='line_1_34' title="bbox 247 2361 340 2364; baseline 0 0"><span class='ocrx_word' id='word_1_259' title='bbox 247 2361 340 2364; x_wconf 95' lang='lat' dir='ltr'><strong> </strong></span> 
     </span>
    </p>
   </div>
   <div class='ocr_carea' id='block_1_9' title="bbox 54 2401 1759 3018">
    <p class='ocr_par' dir='ltr' id='par_1_9' title="bbox 54 2401 1759 3018">
     <span class='ocr_line' id='line_1_35' title="bbox 204 2401 1755 2450; baseline -0.004 -8"><span class='ocrx_word' id='word_1_260' title='bbox 204 2404 228 2447; x_wconf 87' lang='lat'><strong>¹)</strong></span> <span class='ocrx_word' id='word_1_261' title='bbox 254 2405 469 2442; x_wconf 88' lang='lat' dir='ltr'><strong>Riesius</strong></span> <span class='ocrx_word' id='word_1_262' title='bbox 505 2405 543 2440; x_wconf 92' lang='lat' dir='ltr'><strong>in</strong></span> <span class='ocrx_word' id='word_1_263' title='bbox 579 2416 718 2440; x_wconf 90' lang='lat' dir='ltr'><strong>comm.</strong></span> <span class='ocrx_word' id='word_1_264' title='bbox 755 2416 791 2450; x_wconf 92' lang='lat' dir='ltr'><strong>p.</strong></span> <span class='ocrx_word' id='word_1_265' title='bbox 817 2415 884 2439; x_wconf 88' lang='lat'><strong>221</strong></span> <span class='ocrx_word' id='word_1_266' title='bbox 913 2403 972 2446; x_wconf 90' lang='lat' dir='ltr'><strong>(cf.</strong></span> <span class='ocrx_word' id='word_1_267' title='bbox 1000 2403 1096 2449; x_wconf 91' lang='lat' dir='ltr'><strong>prol.</strong></span> <span class='ocrx_word' id='word_1_268' title='bbox 1124 2402 1194 2438; x_wconf 93' lang='lat' dir='ltr'><strong>VII</strong></span> <span class='ocrx_word' id='word_1_269' title='bbox 1221 2409 1258 2438; x_wconf 90' lang='lat' dir='ltr'><strong>et</strong></span> <span class='ocrx_word' id='word_1_270' title='bbox 1285 2401 1392 2441; x_wconf 89' lang='lat' dir='ltr'>XIX)</span> <span class='ocrx_word' id='word_1_271' title='bbox 1419 2402 1642 2448; x_wconf 88' lang='lat' dir='ltr'><strong>opinionem</strong></span> <span class='ocrx_word' id='word_1_272' title='bbox 1670 2412 1755 2447; x_wconf 92' lang='lat' dir='ltr'><strong>pro-</strong></span> 
     </span>
     <span class='ocr_line' id='line_1_36' title="bbox 55 2448 1755 2499; baseline -0.003 -11"><span class='ocrx_word' id='word_1_273' title='bbox 55 2453 143 2489; x_wconf 90' lang='lat' dir='ltr'><strong>tulit</strong></span> <span class='ocrx_word' id='word_1_274' title='bbox 168 2465 232 2489; x_wconf 91' lang='lat' dir='ltr'><strong>vv.</strong></span> <span class='ocrx_word' id='word_1_275' title='bbox 262 2464 401 2499; x_wconf 86' lang='lat'>15—17</span> <span class='ocrx_word' id='word_1_276' title='bbox 429 2453 478 2488; x_wconf 90' lang='lat' dir='ltr'><strong>ad</strong></span> <span class='ocrx_word' id='word_1_277' title='bbox 506 2464 642 2488; x_wconf 91' lang='lat' dir='ltr'><strong>unum</strong></span> <span class='ocrx_word' id='word_1_278' title='bbox 670 2450 959 2487; x_wconf 89' lang='lat' dir='ltr'><strong>adolescentiae</strong></span> <span class='ocrx_word' id='word_1_279' title='bbox 985 2456 1240 2494; x_wconf 88' lang='lat' dir='ltr'><strong>momentum,</strong></span> <span class='ocrx_word' id='word_1_280' title='bbox 1274 2456 1430 2485; x_wconf 86' lang='lat' dir='ltr'><strong>sextum</strong></span> <span class='ocrx_word' id='word_1_281' title='bbox 1456 2449 1518 2485; x_wconf 90' lang='lat' dir='ltr'><strong>vel</strong></span> <span class='ocrx_word' id='word_1_282' title='bbox 1545 2448 1755 2495; x_wconf 87' lang='lat' dir='ltr'><strong>septimum</strong></span> 
     </span>
     <span class='ocr_line' id='line_1_37' title="bbox 54 2496 1756 2545; baseline -0.004 -8"><span class='ocrx_word' id='word_1_283' title='bbox 54 2500 253 2536; x_wconf 86' lang='lat' dir='ltr'><strong>decimum</strong></span> <span class='ocrx_word' id='word_1_284' title='bbox 289 2500 396 2536; x_wconf 90' lang='lat' dir='ltr'><strong>vitae</strong></span> <span class='ocrx_word' id='word_1_285' title='bbox 433 2511 598 2545; x_wconf 91' lang='lat' dir='ltr'><strong>annum,</strong></span> <span class='ocrx_word' id='word_1_286' title='bbox 637 2511 714 2545; x_wconf 91' lang='lat' dir='ltr'><strong>quo</strong></span> <span class='ocrx_word' id='word_1_287' title='bbox 750 2498 861 2544; x_wconf 88' lang='lat' dir='ltr'><strong>pueri</strong></span> <span class='ocrx_word' id='word_1_288' title='bbox 899 2504 1031 2543; x_wconf 90' lang='lat' dir='ltr'><strong>togam</strong></span> <span class='ocrx_word' id='word_1_289' title='bbox 1068 2503 1313 2542; x_wconf 86' lang='lat' dir='ltr'><strong>praetextam</strong></span> <span class='ocrx_word' id='word_1_290' title='bbox 1341 2498 1540 2543; x_wconf 87' lang='lat' dir='ltr'><strong>deponere</strong></span> <span class='ocrx_word' id='word_1_291' title='bbox 1566 2496 1756 2538; x_wconf 87' lang='lat' dir='ltr'><strong>solebant,</strong></span> 
     </span>
     <span class='ocr_line' id='line_1_38' title="bbox 55 2542 1755 2594; baseline -0.004 -10"><span class='ocrx_word' id='word_1_292' title='bbox 55 2558 77 2583; x_wconf 85' lang='lat' dir='ltr'><strong>s</strong></span> <span class='ocrx_word' id='word_1_293' title='bbox 108 2554 240 2584; x_wconf 87' lang='lat' dir='ltr'><strong>ectare</strong></span> <span class='ocrx_word' id='word_1_294' title='bbox 275 2554 395 2594; x_wconf 91' lang='lat' dir='ltr'><strong>atque</strong></span> <span class='ocrx_word' id='word_1_295' title='bbox 435 2547 525 2583; x_wconf 89' lang='lat' dir='ltr'><strong>inde</strong></span> <span class='ocrx_word' id='word_1_296' title='bbox 559 2546 670 2592; x_wconf 90' lang='lat' dir='ltr'><strong>sequi</strong></span> <span class='ocrx_word' id='word_1_297' title='bbox 709 2545 869 2582; x_wconf 89' lang='lat' dir='ltr'><strong>fratrem</strong></span> <span class='ocrx_word' id='word_1_298' title='bbox 909 2545 1012 2580; x_wconf 86' lang='lat' dir='ltr'><strong>haud</strong></span> <span class='ocrx_word' id='word_1_299' title='bbox 1051 2544 1172 2579; x_wconf 90' lang='lat' dir='ltr'><strong>multo</strong></span> <span class='ocrx_word' id='word_1_300' title='bbox 1210 2551 1300 2590; x_wconf 92' lang='lat' dir='ltr'><strong>post</strong></span> <span class='ocrx_word' id='word_1_301' title='bbox 1326 2555 1370 2579; x_wconf 90' lang='lat' dir='ltr'><strong>se</strong></span> <span class='ocrx_word' id='word_1_302' title='bbox 1400 2543 1535 2579; x_wconf 88' lang='lat' dir='ltr'><strong>timum</strong></span> <span class='ocrx_word' id='word_1_303' title='bbox 1562 2542 1755 2578; x_wconf 86' lang='lat' dir='ltr'><strong>decimum</strong></span> 
     </span>
     <span class='ocr_line' id='line_1_39' title="bbox 92 2590 1756 2631; baseline -0.004 0"><span class='ocrx_word' id='word_1_304' title='bbox 92 2595 199 2631; x_wconf 88' lang='lat' dir='ltr'><strong>atuni</strong></span> <span class='ocrx_word' id='word_1_305' title='bbox 229 2607 374 2631; x_wconf 89' lang='lat' dir='ltr'><strong>annum</strong></span> <span class='ocrx_word' id='word_1_306' title='bbox 403 2600 602 2630; x_wconf 89' lang='lat' dir='ltr'><strong>mortuum</strong></span> <span class='ocrx_word' id='word_1_307' title='bbox 620 2605 720 2630; x_wconf 86' lang='lat' dir='ltr'><strong>esse.</strong></span> <span class='ocrx_word' id='word_1_308' title='bbox 772 2593 828 2628; x_wconf 88' lang='lat' dir='ltr'><strong>lta</strong></span> <span class='ocrx_word' id='word_1_309' title='bbox 859 2604 908 2628; x_wconf 89' lang='lat' dir='ltr'><strong>ue</strong></span> <span class='ocrx_word' id='word_1_310' title='bbox 933 2592 1052 2628; x_wconf 90' lang='lat' dir='ltr'><strong>etiam</strong></span> <span class='ocrx_word' id='word_1_311' title='bbox 1079 2603 1107 2626; x_wconf 88' lang='lat' dir='ltr'><strong>c.</strong></span> <span class='ocrx_word' id='word_1_312' title='bbox 1136 2590 1298 2627; x_wconf 90' lang='lat' dir='ltr'>LXVIII</span> <span class='ocrx_word' id='word_1_313' title='bbox 1318 2602 1342 2626; x_wconf 91' lang='lat' dir='ltr'><strong>a</strong></span> <span class='ocrx_word' id='word_1_314' title='bbox 1402 2591 1520 2627; x_wconf 91' lang='lat' dir='ltr'><strong>atullo</strong></span> <span class='ocrx_word' id='word_1_315' title='bbox 1545 2590 1756 2625; x_wconf 86' lang='lat' dir='ltr'><strong>admodum</strong></span> 
     </span>
     <span class='ocr_line' id='line_1_40' title="bbox 57 2636 1757 2688; baseline -0.004 -10"><span class='ocrx_word' id='word_1_316' title='bbox 57 2641 202 2678; x_wconf 88' lang='lat' dir='ltr'><strong>iuvene</strong></span> <span class='ocrx_word' id='word_1_317' title='bbox 240 2641 502 2688; x_wconf 88' lang='lat' dir='ltr'><strong>compositum</strong></span> <span class='ocrx_word' id='word_1_318' title='bbox 541 2652 643 2677; x_wconf 89' lang='lat' dir='ltr'><strong>esse.</strong></span> <span class='ocrx_word' id='word_1_319' title='bbox 699 2640 779 2676; x_wconf 89' lang='lat' dir='ltr'><strong>Sed</strong></span> <span class='ocrx_word' id='word_1_320' title='bbox 864 2638 1180 2676; x_wconf 88' lang='lat' dir='ltr'><strong>arneckerus</strong></span> <span class='ocrx_word' id='word_1_321' title='bbox 1223 2638 1275 2682; x_wconf 81' lang='lat' dir='ltr'><strong>(in</strong></span> <span class='ocrx_word' id='word_1_322' title='bbox 1314 2638 1462 2673; x_wconf 79' lang='lat' dir='ltr'><strong>»Fleck.</strong></span> <span class='ocrx_word' id='word_1_323' title='bbox 1499 2636 1625 2683; x_wconf 84' lang='lat' dir='ltr'><strong>J.-B.«</strong></span> <span class='ocrx_word' id='word_1_324' title='bbox 1670 2637 1757 2680; x_wconf 75' lang='lat'>1884</span> 
     </span>
     <span class='ocr_line' id='line_1_41' title="bbox 54 2684 1758 2736; baseline -0.004 -10"><span class='ocrx_word' id='word_1_325' title='bbox 54 2699 95 2735; x_wconf 85' lang='lat' dir='ltr'><strong>p.</strong></span> <span class='ocrx_word' id='word_1_326' title='bbox 114 2701 186 2735; x_wconf 90' lang='lat'><strong>770</strong></span> <span class='ocrx_word' id='word_1_327' title='bbox 210 2689 310 2736; x_wconf 90' lang='lat' dir='ltr'><strong>sqq.)</strong></span> <span class='ocrx_word' id='word_1_328' title='bbox 338 2688 628 2725; x_wconf 88' lang='lat' dir='ltr'><strong>demonstravit</strong></span> <span class='ocrx_word' id='word_1_329' title='bbox 653 2699 790 2724; x_wconf 89' lang='lat' dir='ltr'><strong>vocem</strong></span> <span class='ocrx_word' id='word_1_330' title='bbox 820 2687 1047 2733; x_wconf 74' lang='lat' dir='ltr'><strong>»primum«,</strong></span> <span class='ocrx_word' id='word_1_331' title='bbox 1075 2696 1191 2731; x_wconf 91' lang='lat' dir='ltr'><strong>quam</strong></span> <span class='ocrx_word' id='word_1_332' title='bbox 1220 2685 1429 2721; x_wconf 89' lang='lat' dir='ltr'><strong>Riesius</strong></span> <span class='ocrx_word' id='word_1_333' title='bbox 1455 2684 1695 2730; x_wconf 85' lang='lat' dir='ltr'><strong>neglexerat,</strong></span> <span class='ocrx_word' id='word_1_334' title='bbox 1720 2689 1758 2718; x_wconf 87' lang='lat' dir='ltr'><strong>et</strong></span> 
     </span>
     <span class='ocr_line' id='line_1_42' title="bbox 57 2730 1758 2782; baseline -0.004 -9"><span class='ocrx_word' id='word_1_335' title='bbox 57 2743 293 2782; x_wconf 87' lang='lat' dir='ltr'><strong>sequentem</strong></span> <span class='ocrx_word' id='word_1_336' title='bbox 320 2748 482 2773; x_wconf 87' lang='lat' dir='ltr'><strong>versum</strong></span> <span class='ocrx_word' id='word_1_337' title='bbox 509 2735 791 2782; x_wconf 86' lang='lat' dir='ltr'><strong>explicativum</strong></span> <span class='ocrx_word' id='word_1_338' title='bbox 819 2734 868 2778; x_wconf 93' lang='lat' dir='ltr'><strong>(v.</strong></span> <span class='ocrx_word' id='word_1_339' title='bbox 898 2734 976 2778; x_wconf 91' lang='lat'><strong>16):</strong></span> <span class='ocrx_word' id='word_1_340' title='bbox 1017 2732 1247 2768; x_wconf 83' lang='lat' dir='ltr'><strong>»iocundum</strong></span> <span class='ocrx_word' id='word_1_341' title='bbox 1275 2743 1362 2768; x_wconf 87' lang='lat' dir='ltr'><strong>curn</strong></span> <span class='ocrx_word' id='word_1_342' title='bbox 1389 2739 1499 2768; x_wconf 86' lang='lat' dir='ltr'><strong>aetas</strong></span> <span class='ocrx_word' id='word_1_343' title='bbox 1525 2730 1662 2767; x_wconf 86' lang='lat' dir='ltr'><strong>florida</strong></span> <span class='ocrx_word' id='word_1_344' title='bbox 1689 2742 1758 2766; x_wconf 86' lang='lat' dir='ltr'><strong>ver</strong></span> 
     </span>
     <span class='ocr_line' id='line_1_43' title="bbox 59 2777 1758 2828; baseline -0.005 -7"><span class='ocrx_word' id='word_1_345' title='bbox 59 2790 218 2828; x_wconf 80' lang='lat' dir='ltr'><strong>ageret«</strong></span> <span class='ocrx_word' id='word_1_346' title='bbox 246 2784 421 2820; x_wconf 86' lang='lat' dir='ltr'><strong>indicare</strong></span> <span class='ocrx_word' id='word_1_347' title='bbox 448 2795 526 2819; x_wconf 89' lang='lat' dir='ltr'><strong>non</strong></span> <span class='ocrx_word' id='word_1_348' title='bbox 553 2784 602 2819; x_wconf 89' lang='lat' dir='ltr'><strong>de</strong></span> <span class='ocrx_word' id='word_1_349' title='bbox 624 2794 702 2819; x_wconf 91' lang='lat' dir='ltr'><strong>uno</strong></span> <span class='ocrx_word' id='word_1_350' title='bbox 719 2793 835 2825; x_wconf 79' lang='lat' dir='ltr'><strong>anne,</strong></span> <span class='ocrx_word' id='word_1_351' title='bbox 861 2782 932 2817; x_wconf 90' lang='lat' dir='ltr'><strong>sed</strong></span> <span class='ocrx_word' id='word_1_352' title='bbox 950 2781 1000 2816; x_wconf 90' lang='lat' dir='ltr'><strong>de</strong></span> <span class='ocrx_word' id='word_1_353' title='bbox 1018 2781 1134 2825; x_wconf 89' lang='lat' dir='ltr'><strong>longo</strong></span> <span class='ocrx_word' id='word_1_354' title='bbox 1153 2779 1292 2825; x_wconf 90' lang='lat' dir='ltr'><strong>spatio,</strong></span> <span class='ocrx_word' id='word_1_355' title='bbox 1319 2780 1368 2815; x_wconf 93' lang='lat' dir='ltr'><strong>de</strong></span> <span class='ocrx_word' id='word_1_356' title='bbox 1387 2785 1468 2815; x_wconf 88' lang='lat' dir='ltr'><strong>tota</strong></span> <span class='ocrx_word' id='word_1_357' title='bbox 1486 2777 1758 2819; x_wconf 88' lang='lat' dir='ltr'><strong>adolescentia,</strong></span> 
     </span>
     <span class='ocr_line' id='line_1_44' title="bbox 59 2824 1757 2878; baseline -0.004 -12"><span class='ocrx_word' id='word_1_358' title='bbox 59 2829 125 2867; x_wconf 90' lang='lat' dir='ltr'><strong>illa</strong></span> <span class='ocrx_word' id='word_1_359' title='bbox 162 2832 288 2868; x_wconf 90' lang='lat' dir='ltr'><strong>verba</strong></span> <span class='ocrx_word' id='word_1_360' title='bbox 326 2842 466 2878; x_wconf 89' lang='lat' dir='ltr'><strong>agere,</strong></span> <span class='ocrx_word' id='word_1_361' title='bbox 502 2842 623 2877; x_wconf 89' lang='lat' dir='ltr'><strong>quarn</strong></span> <span class='ocrx_word' id='word_1_362' title='bbox 651 2830 827 2866; x_wconf 87' lang='lat' dir='ltr'><strong>Catullus</strong></span> <span class='ocrx_word' id='word_1_363' title='bbox 862 2834 904 2865; x_wconf 91' lang='lat' dir='ltr'><strong>ut</strong></span> <span class='ocrx_word' id='word_1_364' title='bbox 937 2828 1015 2864; x_wconf 92' lang='lat' dir='ltr'><strong>iarn</strong></span> <span class='ocrx_word' id='word_1_365' title='bbox 1047 2833 1243 2863; x_wconf 87' lang='lat' dir='ltr'><strong>remotam</strong></span> <span class='ocrx_word' id='word_1_366' title='bbox 1282 2826 1479 2873; x_wconf 88' lang='lat' dir='ltr'><strong>respicere</strong></span> <span class='ocrx_word' id='word_1_367' title='bbox 1517 2825 1672 2861; x_wconf 86' lang='lat' dir='ltr'><strong>videtur</strong></span> <span class='ocrx_word' id='word_1_368' title='bbox 1699 2824 1757 2860; x_wconf 68' lang='lat' dir='ltr'><strong>*cs-</strong></span> 
     </span>
     <span class='ocr_line' id='line_1_45' title="bbox 61 2872 1756 2924; baseline -0.004 -11"><span class='ocrx_word' id='word_1_369' title='bbox 61 2877 103 2913; x_wconf 90' lang='grc' dir='ltr'><strong>Β.</strong></span> <span class='ocrx_word' id='word_1_370' title='bbox 121 2877 367 2915; x_wconf 88' lang='lat' dir='ltr'><strong>Schmidt.</strong></span> <span class='ocrx_word' id='word_1_371' title='bbox 384 2878 422 2914; x_wconf 90' lang='lat' dir='ltr'><strong>in</strong></span> <span class='ocrx_word' id='word_1_372' title='bbox 441 2878 539 2924; x_wconf 90' lang='lat' dir='ltr'><strong>prol.</strong></span> <span class='ocrx_word' id='word_1_373' title='bbox 557 2877 712 2922; x_wconf 90' lang='lat' dir='ltr'><strong>XXIV).</strong></span> <span class='ocrx_word' id='word_1_374' title='bbox 752 2877 849 2912; x_wconf 92' lang='lat' dir='ltr'><strong>Nam</strong></span> <span class='ocrx_word' id='word_1_375' title='bbox 872 2882 1086 2921; x_wconf 80' lang='lat' dir='ltr'><strong>»tempore,</strong></span> <span class='ocrx_word' id='word_1_376' title='bbox 1103 2885 1181 2920; x_wconf 90' lang='lat' dir='ltr'><strong>quo</strong></span> <span class='ocrx_word' id='word_1_377' title='bbox 1200 2874 1390 2919; x_wconf 80' lang='lat' dir='ltr'><strong>primum«</strong></span> <span class='ocrx_word' id='word_1_378' title='bbox 1403 2887 1449 2903; x_wconf 90' lang='lat'><strong><em>=</em></strong></span> <span class='ocrx_word' id='word_1_379' title='bbox 1463 2873 1549 2909; x_wconf 77' lang='lat' dir='ltr'><strong>»ubi</strong></span> <span class='ocrx_word' id='word_1_380' title='bbox 1568 2872 1756 2918; x_wconf 77' lang='lat' dir='ltr'><strong>primurn&lt;</strong></span> 
     </span>
     <span class='ocr_line' id='line_1_46' title="bbox 58 2918 1759 2970; baseline -0.004 -10"><span class='ocrx_word' id='word_1_381' title='bbox 58 2930 133 2966; x_wconf 86' lang='lat' dir='ltr'><strong>est,</strong></span> <span class='ocrx_word' id='word_1_382' title='bbox 159 2931 201 2961; x_wconf 92' lang='lat' dir='ltr'><strong>ut</strong></span> <span class='ocrx_word' id='word_1_383' title='bbox 226 2925 418 2962; x_wconf 85' lang='lat' dir='ltr'><strong>efficiatur</strong></span> <span class='ocrx_word' id='word_1_384' title='bbox 443 2925 658 2962; x_wconf 84' lang='lat' dir='ltr'><strong>sententia:</strong></span> <span class='ocrx_word' id='word_1_385' title='bbox 690 2924 731 2970; x_wconf 77' lang='lat' dir='ltr'><strong>»J</strong></span> <span class='ocrx_word' id='word_1_386' title='bbox 748 2936 769 2959; x_wconf 89' lang='lat' dir='ltr'><strong>a</strong></span> <span class='ocrx_word' id='word_1_387' title='bbox 784 2935 822 2959; x_wconf 92' lang='lat' dir='ltr'><strong>m</strong></span> <span class='ocrx_word' id='word_1_388' title='bbox 849 2923 976 2969; x_wconf 87' lang='lat' dir='ltr'><strong>prima</strong></span> <span class='ocrx_word' id='word_1_389' title='bbox 1003 2921 1268 2957; x_wconf 86' lang='lat' dir='ltr'><strong>adulescentia</strong></span> <span class='ocrx_word' id='word_1_390' title='bbox 1295 2927 1347 2962; x_wconf 76' lang='lat' dir='ltr'><strong>(et</strong></span> <span class='ocrx_word' id='word_1_391' title='bbox 1367 2920 1455 2955; x_wconf 87' lang='lat' dir='ltr'><strong>inde</strong></span> <span class='ocrx_word' id='word_1_392' title='bbox 1474 2920 1523 2956; x_wconf 93' lang='lat' dir='ltr'><strong>ab</strong></span> <span class='ocrx_word' id='word_1_393' title='bbox 1541 2930 1588 2955; x_wconf 90' lang='lat' dir='ltr'><strong>ea</strong></span> <span class='ocrx_word' id='word_1_394' title='bbox 1606 2930 1723 2965; x_wconf 91' lang='lat' dir='ltr'><strong>porro</strong></span> <span class='ocrx_word' id='word_1_395' title='bbox 1735 2918 1759 2958; x_wconf 68' lang='grc' dir='ltr'><strong>ἱ)</strong></span> 
     </span>
     <span class='ocr_line' id='line_1_47' title="bbox 59 2967 1613 3018; baseline -0.005 -11"><span class='ocrx_word' id='word_1_396' title='bbox 59 2971 157 3007; x_wconf 75' lang='lat' dir='ltr'><strong>lusi«</strong></span> <span class='ocrx_word' id='word_1_397' title='bbox 186 2971 247 3015; x_wconf 87' lang='lat' dir='ltr'><strong>(cf.</strong></span> <span class='ocrx_word' id='word_1_398' title='bbox 273 2979 313 3009; x_wconf 90' lang='lat' dir='ltr'><strong>et</strong></span> <span class='ocrx_word' id='word_1_399' title='bbox 338 2973 569 3018; x_wconf 85' lang='lat' dir='ltr'><strong>Magnum</strong></span> <span class='ocrx_word' id='word_1_400' title='bbox 598 2973 633 3007; x_wconf 89' lang='lat' dir='ltr'><strong>in</strong></span> <span class='ocrx_word' id='word_1_401' title='bbox 665 2971 846 3018; x_wconf 74' lang='lat' dir='ltr'><strong>»J.·Ber.«</strong></span> <span class='ocrx_word' id='word_1_402' title='bbox 880 2969 1015 3015; x_wconf 76' lang='lat' dir='ltr'><em>1887s11</em></span> <span class='ocrx_word' id='word_1_403' title='bbox 1043 2980 1078 3014; x_wconf 93' lang='lat' dir='ltr'><strong>p.</strong></span> <span class='ocrx_word' id='word_1_404' title='bbox 1110 2970 1185 3013; x_wconf 83' lang='lat'><strong>156,</strong></span> <span class='ocrx_word' id='word_1_405' title='bbox 1212 2968 1417 3004; x_wconf 88' lang='lat' dir='ltr'><strong>Weber.</strong></span> <span class='ocrx_word' id='word_1_406' title='bbox 1445 2979 1481 3013; x_wconf 89' lang='lat' dir='ltr'><strong>p.</strong></span> <span class='ocrx_word' id='word_1_407' title='bbox 1511 2967 1613 3002; x_wconf 54' lang='lat'><strong>108³.</strong></span> 
     </span>
    </p>
   </div>
   <div class='ocr_carea' id='block_1_10' title="bbox 1577 3026 1619 3069">
    <p class='ocr_par' dir='ltr' id='par_1_10' title="bbox 1577 3026 1619 3069">
     <span class='ocr_line' id='line_1_48' title="bbox 1577 3026 1619 3069; baseline 0 -25"><span class='ocrx_word' id='word_1_408' title='bbox 1577 3026 1619 3069; x_wconf 53' lang='grc'><strong>3*</strong></span> 
     </span>
    </p>
   </div>
  </div>
 </body>
</html>
