<?xml version="1.0" encoding="UTF-8"?>
<!DOCTYPE html PUBLIC "-//W3C//DTD XHTML 1.0 Transitional//EN"
    "http://www.w3.org/TR/xhtml1/DTD/xhtml1-transitional.dtd">
<html xmlns="http://www.w3.org/1999/xhtml" xml:lang="en" lang="en">
 <head>
  <title>
</title>
<meta http-equiv="Content-Type" content="text/html;charset=utf-8" />
  <meta name='ocr-system' content='tesseract 3.04.00' />
  <meta name='ocr-capabilities' content='ocr_page ocr_carea ocr_par ocr_line ocrx_word'/>
</head>
<body>
  <div class='ocr_page' id='page_1' title='image "./deduodeseptuages00kalbuoft_0028.png"; bbox 0 0 1942 3380; ppageno 0'>
   <div class='ocr_carea' id='block_1_1' title="bbox 244 392 1942 1552">
    <p class='ocr_par' dir='ltr' id='par_1_1' title="bbox 244 392 1942 1552">
     <span class='ocr_line' id='line_1_1' title="bbox 249 392 1942 452; baseline -0.005 -7"><span class='ocrx_word' id='word_1_1' title='bbox 249 403 432 445; x_wconf 86' lang='lat' dir='ltr'>liberum</span> <span class='ocrx_word' id='word_1_2' title='bbox 468 399 538 441; x_wconf 78' lang='lat' dir='ltr'>An</span> <span class='ocrx_word' id='word_1_3' title='bbox 574 396 779 440; x_wconf 87' lang='lat' dir='ltr'>maritum</span> <span class='ocrx_word' id='word_1_4' title='bbox 801 407 983 438; x_wconf 90' lang='lat' dir='ltr'>servom</span> <span class='ocrx_word' id='word_1_5' title='bbox 1007 400 1202 437; x_wconf 90' lang='lat' dir='ltr'>aetatem</span> <span class='ocrx_word' id='word_1_6' title='bbox 1225 394 1416 452; x_wconf 79' lang='lat' dir='ltr'><strong>degere«</strong></span> <span class='ocrx_word' id='word_1_7' title='bbox 1438 402 1522 438; x_wconf 91' lang='lat' dir='ltr'>etc.</span> <span class='ocrx_word' id='word_1_8' title='bbox 1555 419 1610 425; x_wconf 93' lang='lat'><strong>—</strong></span> <span class='ocrx_word' id='word_1_9' title='bbox 1644 393 1738 437; x_wconf 82' lang='lat' dir='ltr'>Sed</span> <span class='ocrx_word' id='word_1_10' title='bbox 1771 392 1906 437; x_wconf 91' lang='lat' dir='ltr'>etiam</span> <span class='ocrx_word' id='word_1_11' title='bbox 1940 396 1942 398; x_wconf 78' lang='grc'><strong>’</strong></span> 
     </span>
     <span class='ocr_line' id='line_1_2' title="bbox 249 450 1907 515; baseline -0.004 -13"><span class='ocrx_word' id='word_1_12' title='bbox 249 460 284 502; x_wconf 85' lang='lat' dir='ltr'>is</span> <span class='ocrx_word' id='word_1_13' title='bbox 327 466 473 515; x_wconf 88' lang='lat' dir='ltr'>potest</span> <span class='ocrx_word' id='word_1_14' title='bbox 516 454 732 499; x_wconf 43' lang='lat' dir='ltr'>*caelebs*</span> <span class='ocrx_word' id='word_1_15' title='bbox 782 451 885 504; x_wconf 89' lang='lat' dir='ltr'>dici,</span> <span class='ocrx_word' id='word_1_16' title='bbox 944 453 989 500; x_wconf 74' lang='lat'>2)</span> <span class='ocrx_word' id='word_1_17' title='bbox 1029 450 1103 508; x_wconf 88' lang='lat' dir='ltr'>qui</span> <span class='ocrx_word' id='word_1_18' title='bbox 1149 451 1389 510; x_wconf 85' lang='lat' dir='ltr'>coniugem</span> <span class='ocrx_word' id='word_1_19' title='bbox 1433 451 1596 496; x_wconf 87' lang='lat' dir='ltr'>amisit.</span> <span class='ocrx_word' id='word_1_20' title='bbox 1657 450 1790 495; x_wconf 91' lang='lat' dir='ltr'>Hunc</span> <span class='ocrx_word' id='word_1_21' title='bbox 1833 466 1907 495; x_wconf 89' lang='lat' dir='ltr'>au·</span> 
     </span>
     <span class='ocr_line' id='line_1_3' title="bbox 248 508 1906 559; baseline -0.003 0"><span class='ocrx_word' id='word_1_22' title='bbox 248 527 335 559; x_wconf 90' lang='lat' dir='ltr'>tem</span> <span class='ocrx_word' id='word_1_23' title='bbox 375 515 415 558; x_wconf 90' lang='lat' dir='ltr'>in</span> <span class='ocrx_word' id='word_1_24' title='bbox 448 527 631 557; x_wconf 88' lang='lat' dir='ltr'>sensum</span> <span class='ocrx_word' id='word_1_25' title='bbox 664 526 765 555; x_wconf 86' lang='lat' dir='ltr'>raro</span> <span class='ocrx_word' id='word_1_26' title='bbox 798 508 941 553; x_wconf 88' lang='lat' dir='ltr'>Latini</span> <span class='ocrx_word' id='word_1_27' title='bbox 974 508 1048 552; x_wconf 92' lang='lat' dir='ltr'>illa</span> <span class='ocrx_word' id='word_1_28' title='bbox 1081 523 1194 553; x_wconf 93' lang='lat' dir='ltr'>voce</span> <span class='ocrx_word' id='word_1_29' title='bbox 1224 517 1420 554; x_wconf 88' lang='lat' dir='ltr'>utuntur.</span> <span class='ocrx_word' id='word_1_30' title='bbox 1483 508 1552 554; x_wconf 88' lang='lat' dir='ltr'>Cf.</span> <span class='ocrx_word' id='word_1_31' title='bbox 1586 508 1729 554; x_wconf 89' lang='lat' dir='ltr'>Plaut.</span> <span class='ocrx_word' id='word_1_32' title='bbox 1763 508 1906 554; x_wconf 88' lang='lat' dir='ltr'>Stich.</span> 
     </span>
     <span class='ocr_line' id='line_1_4' title="bbox 249 566 1906 626; baseline -0.003 -9"><span class='ocrx_word' id='word_1_33' title='bbox 249 573 371 626; x_wconf 77' lang='lat' dir='ltr'><em>1Vs1s</em></span> <span class='ocrx_word' id='word_1_34' title='bbox 463 570 575 615; x_wconf 82' lang='lat' dir='ltr'>-Sed</span> <span class='ocrx_word' id='word_1_35' title='bbox 607 570 679 613; x_wconf 89' lang='lat' dir='ltr'>ille</span> <span class='ocrx_word' id='word_1_36' title='bbox 711 568 893 612; x_wconf 90' lang='lat' dir='ltr'>caelebs</span> <span class='ocrx_word' id='word_1_37' title='bbox 925 575 1021 610; x_wconf 90' lang='lat' dir='ltr'>erat</span> <span class='ocrx_word' id='word_1_38' title='bbox 1043 580 1203 611; x_wconf 78' lang='lat' dir='ltr'>senex«</span> <span class='ocrx_word' id='word_1_39' title='bbox 1224 569 1299 621; x_wconf 72' lang='lat' dir='ltr'>(z</span> <span class='ocrx_word' id='word_1_40' title='bbox 1318 568 1536 612; x_wconf 75' lang='lat' dir='ltr'>»vedovo«</span> <span class='ocrx_word' id='word_1_41' title='bbox 1559 566 1782 622; x_wconf 88' lang='lat' dir='ltr'>Forcell.),</span> <span class='ocrx_word' id='word_1_42' title='bbox 1815 566 1906 612; x_wconf 86' lang='lat' dir='ltr'>Ov.</span> 
     </span>
     <span class='ocr_line' id='line_1_5' title="bbox 247 586 1908 685; baseline -0.004 -10"><span class='ocrx_word' id='word_1_43' title='bbox 247 631 354 675; x_wconf 85' lang='lat' dir='ltr'>Her.</span> <span class='ocrx_word' id='word_1_44' title='bbox 377 586 587 685; x_wconf 54' lang='lat'>331111107</span> <span class='ocrx_word' id='word_1_45' title='bbox 610 630 675 681; x_wconf 91' lang='lat'>(-</span> <span class='ocrx_word' id='word_1_46' title='bbox 704 627 761 670; x_wconf 92' lang='lat' dir='ltr'>de</span> <span class='ocrx_word' id='word_1_47' title='bbox 783 624 1029 668; x_wconf 85' lang='lat' dir='ltr'>Laodamia</span> <span class='ocrx_word' id='word_1_48' title='bbox 1050 639 1076 668; x_wconf 89' lang='lat' dir='ltr'>a</span> <span class='ocrx_word' id='word_1_49' title='bbox 1098 625 1337 682; x_wconf 83' lang='lat' dir='ltr'>marit01)</span> <span class='ocrx_word' id='word_1_50' title='bbox 1360 625 1516 670; x_wconf 90' lang='lat' dir='ltr'>relicta</span> <span class='ocrx_word' id='word_1_51' title='bbox 1538 626 1635 681; x_wconf 88' lang='lat'>——):</span> <span class='ocrx_word' id='word_1_52' title='bbox 1667 624 1820 670; x_wconf 84' lang='lat' dir='ltr'>»Aucu</span> <span class='ocrx_word' id='word_1_53' title='bbox 1855 640 1908 669; x_wconf 90' lang='lat' dir='ltr'>or</span> 
     </span>
     <span class='ocr_line' id='line_1_6' title="bbox 247 682 1908 741; baseline -0.003 -9"><span class='ocrx_word' id='word_1_54' title='bbox 247 690 288 732; x_wconf 91' lang='lat' dir='ltr'>in</span> <span class='ocrx_word' id='word_1_55' title='bbox 320 689 436 732; x_wconf 91' lang='lat' dir='ltr'>lecto</span> <span class='ocrx_word' id='word_1_56' title='bbox 467 686 707 730; x_wconf 87' lang='lat' dir='ltr'>mendaces</span> <span class='ocrx_word' id='word_1_57' title='bbox 738 683 910 727; x_wconf 90' lang='lat' dir='ltr'>caelibe</span> <span class='ocrx_word' id='word_1_58' title='bbox 941 697 1158 735; x_wconf 82' lang='lat' dir='ltr'>somnos«,</span> <span class='ocrx_word' id='word_1_59' title='bbox 1210 682 1341 727; x_wconf 89' lang='lat' dir='ltr'>Mart.</span> <span class='ocrx_word' id='word_1_60' title='bbox 1373 682 1563 741; x_wconf 83' lang='lat' dir='ltr'><em>IVl69l3</em></span> <span class='ocrx_word' id='word_1_61' title='bbox 1593 682 1793 727; x_wconf 80' lang='lat' dir='ltr'>»Diceris</span> <span class='ocrx_word' id='word_1_62' title='bbox 1856 697 1908 727; x_wconf 92' lang='lat' dir='ltr'>ac</span> 
     </span>
     <span class='ocr_line' id='line_1_7' title="bbox 246 740 1908 799; baseline -0.003 -9"><span class='ocrx_word' id='word_1_63' title='bbox 246 747 387 790; x_wconf 82' lang='lat' dir='ltr'>sactus</span> <span class='ocrx_word' id='word_1_64' title='bbox 437 744 617 788; x_wconf 87' lang='lat' dir='ltr'>caelebs</span> <span class='ocrx_word' id='word_1_65' title='bbox 668 750 827 799; x_wconf 84' lang='lat' dir='ltr'>quater</span> <span class='ocrx_word' id='word_1_66' title='bbox 877 755 981 784; x_wconf 90' lang='lat' dir='ltr'>esse</span> <span class='ocrx_word' id='word_1_67' title='bbox 1033 740 1229 797; x_wconf 77' lang='lat' dir='ltr'>lagena«.</span> <span class='ocrx_word' id='word_1_68' title='bbox 1300 740 1542 799; x_wconf 89' lang='lat' dir='ltr'>Nunquam</span> <span class='ocrx_word' id='word_1_69' title='bbox 1595 749 1745 787; x_wconf 88' lang='lat' dir='ltr'>autem</span> <span class='ocrx_word' id='word_1_70' title='bbox 1792 756 1908 786; x_wconf 92' lang='lat' dir='ltr'>voce</span> 
     </span>
     <span class='ocr_line' id='line_1_8' title="bbox 247 798 1909 900; baseline -0.002 -53"><span class='ocrx_word' id='word_1_71' title='bbox 247 803 462 847; x_wconf 53' lang='lat' dir='ltr'>caelibis«</span> <span class='ocrx_word' id='word_1_72' title='bbox 509 816 610 845; x_wconf 87' lang='lat' dir='ltr'>eum</span> <span class='ocrx_word' id='word_1_73' title='bbox 651 798 900 856; x_wconf 87' lang='lat' dir='ltr'>designari,</span> <span class='ocrx_word' id='word_1_74' title='bbox 943 798 1017 854; x_wconf 92' lang='lat' dir='ltr'>qui</span> <span class='ocrx_word' id='word_1_75' title='bbox 1059 806 1208 843; x_wconf 87' lang='lat' dir='ltr'>amata</span> <span class='ocrx_word' id='word_1_76' title='bbox 1225 799 1444 900; x_wconf 60' lang='lat' dir='ltr'>tprivatus</span> <span class='ocrx_word' id='word_1_77' title='bbox 1475 807 1567 853; x_wconf 90' lang='lat' dir='ltr'>est,</span> <span class='ocrx_word' id='word_1_78' title='bbox 1608 799 1780 857; x_wconf 89' lang='lat' dir='ltr'>optimo</span> <span class='ocrx_word' id='word_1_79' title='bbox 1811 799 1909 843; x_wconf 93' lang='lat' dir='ltr'>iure</span> 
     </span>
     <span class='ocr_line' id='line_1_9' title="bbox 247 856 1906 916; baseline -0.002 -12"><span class='ocrx_word' id='word_1_80' title='bbox 247 860 414 905; x_wconf 91' lang='lat' dir='ltr'>monuit</span> <span class='ocrx_word' id='word_1_81' title='bbox 446 856 850 902; x_wconf 88' lang='lat' dir='ltr'>Baehrensius</span> <span class='ocrx_word' id='word_1_82' title='bbox 895 856 954 912; x_wconf 93' lang='lat' dir='ltr'>(in</span> <span class='ocrx_word' id='word_1_83' title='bbox 993 871 1153 901; x_wconf 90' lang='lat' dir='ltr'>comm.</span> <span class='ocrx_word' id='word_1_84' title='bbox 1196 871 1222 900; x_wconf 93' lang='lat' dir='ltr'>a</span> <span class='ocrx_word' id='word_1_85' title='bbox 1293 873 1336 901; x_wconf 91' lang='lat' dir='ltr'>v.</span> <span class='ocrx_word' id='word_1_86' title='bbox 1367 858 1474 916; x_wconf 87' lang='lat' dir='ltr'><em>5l6).</em></span> <span class='ocrx_word' id='word_1_87' title='bbox 1537 856 1695 913; x_wconf 84' lang='lat' dir='ltr'>Quare</span> <span class='ocrx_word' id='word_1_88' title='bbox 1735 871 1906 909; x_wconf 90' lang='lat' dir='ltr'>omnes,</span> 
     </span>
     <span class='ocr_line' id='line_1_10' title="bbox 277 914 1910 972; baseline -0.002 -10"><span class='ocrx_word' id='word_1_89' title='bbox 277 918 319 962; x_wconf 92' lang='lat' dir='ltr'>ui</span> <span class='ocrx_word' id='word_1_90' title='bbox 351 919 434 961; x_wconf 88' lang='lat' dir='ltr'>hac</span> <span class='ocrx_word' id='word_1_91' title='bbox 466 917 719 960; x_wconf 86' lang='lat' dir='ltr'>nitebantur</span> <span class='ocrx_word' id='word_1_92' title='bbox 749 914 979 972; x_wconf 90' lang='lat' dir='ltr'>opinione,</span> <span class='ocrx_word' id='word_1_93' title='bbox 1024 914 1171 959; x_wconf 86' lang='lat' dir='ltr'>fallaci</span> <span class='ocrx_word' id='word_1_94' title='bbox 1218 914 1511 960; x_wconf 87' lang='lat' dir='ltr'>fundamento</span> <span class='ocrx_word' id='word_1_95' title='bbox 1557 914 1714 960; x_wconf 91' lang='lat' dir='ltr'>confisi</span> <span class='ocrx_word' id='word_1_96' title='bbox 1755 923 1860 959; x_wconf 90' lang='lat' dir='ltr'>sunt</span> <span class='ocrx_word' id='word_1_97' title='bbox 1874 916 1910 971; x_wconf 73' lang='grc'>2)</span> 
     </span>
     <span class='ocr_line' id='line_1_11' title="bbox 245 935 1908 1030; baseline -0.002 -11"><span class='ocrx_word' id='word_1_98' title='bbox 245 935 522 1029; x_wconf 48' lang='lat' dir='ltr'>{kiesslin</span> <span class='ocrx_word' id='word_1_99' title='bbox 534 974 663 1030; x_wconf 89' lang='lat' dir='ltr'>gius</span> <span class='ocrx_word' id='word_1_100' title='bbox 694 976 808 1027; x_wconf 83' lang='lat' dir='ltr'>etc.).</span> <span class='ocrx_word' id='word_1_101' title='bbox 852 972 955 1015; x_wconf 90' lang='lat' dir='ltr'>Non</span> <span class='ocrx_word' id='word_1_102' title='bbox 988 972 1137 1028; x_wconf 87' lang='lat' dir='ltr'>magis</span> <span class='ocrx_word' id='word_1_103' title='bbox 1168 981 1319 1018; x_wconf 89' lang='lat' dir='ltr'>autem</span> <span class='ocrx_word' id='word_1_104' title='bbox 1351 973 1456 1018; x_wconf 91' lang='lat' dir='ltr'>licet</span> <span class='ocrx_word' id='word_1_105' title='bbox 1483 973 1603 1017; x_wconf 91' lang='lat' dir='ltr'>illius</span> <span class='ocrx_word' id='word_1_106' title='bbox 1624 972 1752 1017; x_wconf 90' lang='lat' dir='ltr'>vocis</span> <span class='ocrx_word' id='word_1_107' title='bbox 1773 973 1908 1030; x_wconf 89' lang='lat' dir='ltr'>signi·</span> 
     </span>
     <span class='ocr_line' id='line_1_12' title="bbox 245 1030 1910 1088; baseline -0.001 -11"><span class='ocrx_word' id='word_1_108' title='bbox 245 1033 494 1077; x_wconf 80' lang='lat' dir='ltr'>ficationem</span> <span class='ocrx_word' id='word_1_109' title='bbox 541 1033 599 1075; x_wconf 84' lang='lat' dir='ltr'>ita</span> <span class='ocrx_word' id='word_1_110' title='bbox 645 1030 857 1083; x_wconf 90' lang='lat' dir='ltr'>dilatare,</span> <span class='ocrx_word' id='word_1_111' title='bbox 901 1038 949 1074; x_wconf 93' lang='lat' dir='ltr'>ut</span> <span class='ocrx_word' id='word_1_112' title='bbox 988 1044 1293 1088; x_wconf 87' lang='lat' dir='ltr'>synonymum</span> <span class='ocrx_word' id='word_1_113' title='bbox 1333 1031 1392 1075; x_wconf 93' lang='lat' dir='ltr'>sit</span> <span class='ocrx_word' id='word_1_114' title='bbox 1428 1031 1555 1076; x_wconf 89' lang='lat' dir='ltr'>vocis</span> <span class='ocrx_word' id='word_1_115' title='bbox 1593 1031 1814 1084; x_wconf 83' lang='lat' dir='ltr'>»deserti«,</span> <span class='ocrx_word' id='word_1_116' title='bbox 1862 1039 1910 1075; x_wconf 92' lang='lat' dir='ltr'>ut</span> 
     </span>
     <span class='ocr_line' id='line_1_13' title="bbox 245 1088 1910 1191; baseline -0.001 -56"><span class='ocrx_word' id='word_1_117' title='bbox 245 1092 444 1135; x_wconf 83' lang='lat' dir='ltr'>fecerunt</span> <span class='ocrx_word' id='word_1_118' title='bbox 464 1089 692 1147; x_wconf 91' lang='lat' dir='ltr'>Vulpius</span> <span class='ocrx_word' id='word_1_119' title='bbox 724 1091 737 1141; x_wconf 80' lang='grc'>(’</span> <span class='ocrx_word' id='word_1_120' title='bbox 775 1124 782 1132; x_wconf 96' lang='grc'><em>.</em></span> <span class='ocrx_word' id='word_1_121' title='bbox 815 1088 937 1145; x_wconf 88' lang='lat'>388),</span> <span class='ocrx_word' id='word_1_122' title='bbox 983 1088 1447 1191; x_wconf 43' lang='lat' dir='ltr'>Doeringiusssad</span> <span class='ocrx_word' id='word_1_123' title='bbox 1479 1105 1520 1133; x_wconf 93' lang='lat' dir='ltr'>v.</span> <span class='ocrx_word' id='word_1_124' title='bbox 1552 1090 1602 1133; x_wconf 91' lang='lat'>6:</span> <span class='ocrx_word' id='word_1_125' title='bbox 1639 1088 1832 1134; x_wconf 82' lang='lat' dir='ltr'>»coelibe</span> <span class='ocrx_word' id='word_1_126' title='bbox 1854 1109 1910 1126; x_wconf 91' lang='lat'>=</span> 
     </span>
     <span class='ocr_line' id='line_1_14' title="bbox 246 1104 1908 1206; baseline -0.001 -13"><span class='ocrx_word' id='word_1_127' title='bbox 246 1164 402 1200; x_wconf 89' lang='lat' dir='ltr'>vacuo,</span> <span class='ocrx_word' id='word_1_128' title='bbox 435 1147 698 1200; x_wconf 74' lang='lat' dir='ltr'>derelicto&lt;‹),</span> <span class='ocrx_word' id='word_1_129' title='bbox 731 1104 1160 1190; x_wconf 54' lang='lat' dir='ltr'>fiatneckerus</span> <span class='ocrx_word' id='word_1_130' title='bbox 1191 1162 1233 1206; x_wconf 90' lang='lat' dir='ltr'>p.</span> <span class='ocrx_word' id='word_1_131' title='bbox 1265 1162 1294 1204; x_wconf 92' lang='lat'>4</span> <span class='ocrx_word' id='word_1_132' title='bbox 1325 1150 1357 1203; x_wconf 86' lang='lat'>(»</span> <span class='ocrx_word' id='word_1_133' title='bbox 1401 1147 1544 1191; x_wconf 91' lang='lat' dir='ltr'>insam</span> <span class='ocrx_word' id='word_1_134' title='bbox 1567 1147 1648 1191; x_wconf 85' lang='lat' dir='ltr'>auf</span> <span class='ocrx_word' id='word_1_135' title='bbox 1663 1147 1908 1191; x_wconf 88' lang='lat' dir='ltr'>einsamem</span> 
     </span>
     <span class='ocr_line' id='line_1_15' title="bbox 246 1205 1910 1263; baseline -0.001 -13"><span class='ocrx_word' id='word_1_136' title='bbox 246 1207 449 1263; x_wconf 31' lang='lat' dir='ltr'>Lagera),</span> <span class='ocrx_word' id='word_1_137' title='bbox 499 1205 1066 1249; x_wconf 85' lang='lat' dir='ltr'>Hoerschelmannus</span> <span class='ocrx_word' id='word_1_138' title='bbox 1112 1207 1172 1262; x_wconf 87' lang='lat' dir='ltr'>(p.</span> <span class='ocrx_word' id='word_1_139' title='bbox 1212 1219 1240 1262; x_wconf 91' lang='lat'>5</span> <span class='ocrx_word' id='word_1_140' title='bbox 1286 1206 1450 1250; x_wconf 83' lang='lat' dir='ltr'>»lectus</span> <span class='ocrx_word' id='word_1_141' title='bbox 1493 1205 1677 1250; x_wconf 92' lang='lat' dir='ltr'>caelebs</span> <span class='ocrx_word' id='word_1_142' title='bbox 1716 1225 1771 1243; x_wconf 93' lang='lat'><strong><em>=</em></strong></span> <span class='ocrx_word' id='word_1_143' title='bbox 1811 1205 1910 1249; x_wconf 89' lang='lat' dir='ltr'>sein</span> 
     </span>
     <span class='ocr_line' id='line_1_16' title="bbox 246 1261 1910 1321; baseline -0.001 -13"><span class='ocrx_word' id='word_1_144' title='bbox 246 1263 348 1308; x_wconf 89' lang='lat' dir='ltr'>Bett</span> <span class='ocrx_word' id='word_1_145' title='bbox 378 1264 433 1307; x_wconf 92' lang='lat' dir='ltr'>ist</span> <span class='ocrx_word' id='word_1_146' title='bbox 466 1264 626 1318; x_wconf 33' lang='lat' dir='ltr'>leerx’ss).</span> <span class='ocrx_word' id='word_1_147' title='bbox 689 1261 929 1320; x_wconf 89' lang='lat' dir='ltr'>Utcunque</span> <span class='ocrx_word' id='word_1_148' title='bbox 961 1262 1078 1306; x_wconf 91' lang='lat' dir='ltr'>enim</span> <span class='ocrx_word' id='word_1_149' title='bbox 1110 1278 1201 1306; x_wconf 87' lang='lat' dir='ltr'>vox</span> <span class='ocrx_word' id='word_1_150' title='bbox 1233 1262 1419 1307; x_wconf 92' lang='lat' dir='ltr'>caelibis</span> <span class='ocrx_word' id='word_1_151' title='bbox 1440 1262 1692 1320; x_wconf 83' lang='lat' dir='ltr'>adhibetur,</span> <span class='ocrx_word' id='word_1_152' title='bbox 1725 1277 1910 1321; x_wconf 86' lang='lat' dir='ltr'>semper</span> 
     </span>
     <span class='ocr_line' id='line_1_17' title="bbox 244 1320 1908 1379; baseline -0.001 -13"><span class='ocrx_word' id='word_1_153' title='bbox 244 1337 267 1366; x_wconf 93' lang='lat' dir='ltr'>c</span> <span class='ocrx_word' id='word_1_154' title='bbox 282 1321 505 1378; x_wconf 86' lang='lat' dir='ltr'>oniugii</span> <span class='ocrx_word' id='word_1_155' title='bbox 528 1320 742 1377; x_wconf 88' lang='lat' dir='ltr'>cogitatio</span> <span class='ocrx_word' id='word_1_156' title='bbox 764 1320 1029 1364; x_wconf 88' lang='lat' dir='ltr'>intercurrit.</span> <span class='ocrx_word' id='word_1_157' title='bbox 1074 1320 1253 1376; x_wconf 81' lang='lat' dir='ltr'>Quodsi</span> <span class='ocrx_word' id='word_1_158' title='bbox 1270 1321 1532 1379; x_wconf 89' lang='lat' dir='ltr'>inspicimus</span> <span class='ocrx_word' id='word_1_159' title='bbox 1548 1335 1713 1365; x_wconf 90' lang='lat' dir='ltr'>vocum</span> <span class='ocrx_word' id='word_1_160' title='bbox 1730 1321 1908 1366; x_wconf 89' lang='lat' dir='ltr'>illarum</span> 
     </span>
     <span class='ocr_line' id='line_1_18' title="bbox 244 1378 1910 1436; baseline 0 -13"><span class='ocrx_word' id='word_1_161' title='bbox 244 1379 445 1424; x_wconf 50' lang='lat' dir='ltr'>vdeserti«</span> <span class='ocrx_word' id='word_1_162' title='bbox 474 1388 518 1422; x_wconf 93' lang='lat' dir='ltr'>et</span> <span class='ocrx_word' id='word_1_163' title='bbox 539 1378 758 1423; x_wconf 75' lang='lat' dir='ltr'>»caelibis«</span> <span class='ocrx_word' id='word_1_164' title='bbox 791 1393 814 1421; x_wconf 92' lang='lat' dir='ltr'>c</span> <span class='ocrx_word' id='word_1_165' title='bbox 828 1378 918 1422; x_wconf 89' lang='lat' dir='ltr'>oni</span> <span class='ocrx_word' id='word_1_166' title='bbox 934 1393 1000 1421; x_wconf 91' lang='lat' dir='ltr'>un</span> <span class='ocrx_word' id='word_1_167' title='bbox 1014 1378 1285 1435; x_wconf 90' lang='lat' dir='ltr'>ctionem,</span> <span class='ocrx_word' id='word_1_168' title='bbox 1319 1394 1437 1436; x_wconf 91' lang='lat' dir='ltr'>quae</span> <span class='ocrx_word' id='word_1_169' title='bbox 1459 1379 1502 1423; x_wconf 92' lang='lat' dir='ltr'>in</span> <span class='ocrx_word' id='word_1_170' title='bbox 1524 1379 1610 1423; x_wconf 92' lang='lat' dir='ltr'>hoc</span> <span class='ocrx_word' id='word_1_171' title='bbox 1632 1393 1693 1424; x_wconf 92' lang='lat' dir='ltr'>cs.</span> <span class='ocrx_word' id='word_1_172' title='bbox 1717 1378 1910 1423; x_wconf 89' lang='lat' dir='ltr'>LXVIII</span> 
     </span>
     <span class='ocr_line' id='line_1_19' title="bbox 244 1435 1909 1495; baseline 0.001 -15"><span class='ocrx_word' id='word_1_173' title='bbox 244 1452 379 1482; x_wconf 91' lang='lat' dir='ltr'>versu</span> <span class='ocrx_word' id='word_1_174' title='bbox 410 1436 653 1495; x_wconf 88' lang='lat' dir='ltr'>reperitur,</span> <span class='ocrx_word' id='word_1_175' title='bbox 695 1435 1014 1493; x_wconf 89' lang='lat' dir='ltr'>quadrifariam</span> <span class='ocrx_word' id='word_1_176' title='bbox 1047 1451 1148 1480; x_wconf 87' lang='lat' dir='ltr'>eam</span> <span class='ocrx_word' id='word_1_177' title='bbox 1180 1437 1396 1495; x_wconf 88' lang='lat' dir='ltr'>explicari</span> <span class='ocrx_word' id='word_1_178' title='bbox 1428 1451 1566 1495; x_wconf 92' lang='lat' dir='ltr'>posse</span> <span class='ocrx_word' id='word_1_179' title='bbox 1598 1437 1762 1494; x_wconf 92' lang='lat' dir='ltr'>liquet,</span> <span class='ocrx_word' id='word_1_180' title='bbox 1803 1437 1909 1495; x_wconf 90' lang='lat' dir='ltr'>quia</span> 
     </span>
     <span class='ocr_line' id='line_1_20' title="bbox 245 1493 1337 1552; baseline -0.001 -13"><span class='ocrx_word' id='word_1_181' title='bbox 245 1496 371 1539; x_wconf 87' lang='lat' dir='ltr'>binas</span> <span class='ocrx_word' id='word_1_182' title='bbox 401 1494 634 1552; x_wconf 88' lang='lat' dir='ltr'>utriusque</span> <span class='ocrx_word' id='word_1_183' title='bbox 667 1493 792 1538; x_wconf 88' lang='lat' dir='ltr'>verbi</span> <span class='ocrx_word' id='word_1_184' title='bbox 824 1493 1031 1538; x_wconf 91' lang='lat' dir='ltr'>notiones</span> <span class='ocrx_word' id='word_1_185' title='bbox 1062 1493 1337 1538; x_wconf 88' lang='lat' dir='ltr'>invenimus:</span> 
     </span>
    </p>
   </div>
   <div class='ocr_carea' id='block_1_2' title="bbox 382 1586 1909 1702">
    <p class='ocr_par' dir='ltr' id='par_1_2' title="bbox 382 1586 1909 1702">
     <span class='ocr_line' id='line_1_21' title="bbox 382 1586 1909 1644; baseline 0.001 -13"><span class='ocrx_word' id='word_1_186' title='bbox 382 1590 441 1643; x_wconf 93' lang='lat' dir='ltr'>[a)</span> <span class='ocrx_word' id='word_1_187' title='bbox 474 1586 653 1631; x_wconf 91' lang='lat' dir='ltr'>Mallius</span> <span class='ocrx_word' id='word_1_188' title='bbox 696 1587 738 1630; x_wconf 94' lang='lat' dir='ltr'>in</span> <span class='ocrx_word' id='word_1_189' title='bbox 779 1587 898 1630; x_wconf 94' lang='lat' dir='ltr'>lecto</span> <span class='ocrx_word' id='word_1_190' title='bbox 935 1586 1109 1630; x_wconf 92' lang='lat' dir='ltr'>caelibe</span> <span class='ocrx_word' id='word_1_191' title='bbox 1140 1588 1212 1642; x_wconf 85' lang='lat'>(=</span> <span class='ocrx_word' id='word_1_192' title='bbox 1244 1586 1382 1632; x_wconf 89' lang='lat' dir='ltr'>viduo</span> <span class='ocrx_word' id='word_1_193' title='bbox 1413 1587 1648 1644; x_wconf 91' lang='lat' dir='ltr'>coniug</span> <span class='ocrx_word' id='word_1_194' title='bbox 1667 1603 1692 1632; x_wconf 92' lang='lat' dir='ltr'>e</span> <span class='ocrx_word' id='word_1_195' title='bbox 1724 1587 1909 1642; x_wconf 84' lang='lat' dir='ltr'>amissa)</span> 
     </span>
     <span class='ocr_line' id='line_1_22' title="bbox 519 1644 1339 1702; baseline 0 -14"><span class='ocrx_word' id='word_1_196' title='bbox 519 1645 729 1689; x_wconf 90' lang='lat' dir='ltr'>desertus</span> <span class='ocrx_word' id='word_1_197' title='bbox 760 1653 830 1688; x_wconf 89' lang='lat' dir='ltr'>est</span> <span class='ocrx_word' id='word_1_198' title='bbox 861 1647 940 1699; x_wconf 92' lang='lat' dir='ltr'>(sc.</span> <span class='ocrx_word' id='word_1_199' title='bbox 972 1659 999 1688; x_wconf 93' lang='lat' dir='ltr'>a</span> <span class='ocrx_word' id='word_1_200' title='bbox 1030 1644 1339 1702; x_wconf 89' lang='lat' dir='ltr'>coniuge)]</span> 
     </span>
    </p>
   </div>
   <div class='ocr_carea' id='block_1_3' title="bbox 401 1714 1911 1827">
    <p class='ocr_par' dir='ltr' id='par_1_3' title="bbox 401 1714 1911 1827">
     <span class='ocr_line' id='line_1_23' title="bbox 401 1714 1911 1772; baseline -0.001 -13"><span class='ocrx_word' id='word_1_201' title='bbox 401 1716 445 1767; x_wconf 87' lang='lat' dir='ltr'>b)</span> <span class='ocrx_word' id='word_1_202' title='bbox 476 1715 655 1759; x_wconf 91' lang='lat' dir='ltr'>Mallius</span> <span class='ocrx_word' id='word_1_203' title='bbox 701 1714 744 1758; x_wconf 93' lang='lat' dir='ltr'>in</span> <span class='ocrx_word' id='word_1_204' title='bbox 785 1714 902 1771; x_wconf 86' lang='lat' dir='ltr'>lecto</span> <span class='ocrx_word' id='word_1_205' title='bbox 946 1714 1118 1758; x_wconf 86' lang='lat' dir='ltr'>caelibe</span> <span class='ocrx_word' id='word_1_206' title='bbox 1149 1718 1220 1768; x_wconf 71' lang='lat' dir='ltr'>(z</span> <span class='ocrx_word' id='word_1_207' title='bbox 1251 1715 1388 1759; x_wconf 93' lang='lat' dir='ltr'>viduo</span> <span class='ocrx_word' id='word_1_208' title='bbox 1420 1716 1695 1772; x_wconf 87' lang='lat' dir='ltr'>coniuge</span> <span class='ocrx_word' id='word_1_209' title='bbox 1726 1715 1911 1769; x_wconf 88' lang='lat' dir='ltr'>amissa)</span> 
     </span>
     <span class='ocr_line' id='line_1_24' title="bbox 520 1772 1300 1827; baseline 0.001 -11"><span class='ocrx_word' id='word_1_210' title='bbox 520 1782 589 1816; x_wconf 91' lang='lat' dir='ltr'>est</span> <span class='ocrx_word' id='word_1_211' title='bbox 620 1773 830 1816; x_wconf 91' lang='lat' dir='ltr'>desertus</span> <span class='ocrx_word' id='word_1_212' title='bbox 861 1774 934 1827; x_wconf 89' lang='lat'>(=</span> <span class='ocrx_word' id='word_1_213' title='bbox 966 1772 1300 1827; x_wconf 88' lang='lat' dir='ltr'>solitarius).</span> 
     </span>
    </p>
   </div>
   <div class='ocr_carea' id='block_1_4' title="bbox 402 1841 1910 1955">
    <p class='ocr_par' dir='ltr' id='par_1_4' title="bbox 402 1841 1910 1955">
     <span class='ocr_line' id='line_1_25' title="bbox 402 1841 1910 1902; baseline 0 -16"><span class='ocrx_word' id='word_1_214' title='bbox 402 1846 442 1899; x_wconf 85' lang='lat' dir='ltr'>c)</span> <span class='ocrx_word' id='word_1_215' title='bbox 475 1841 655 1886; x_wconf 88' lang='lat' dir='ltr'>Mallius</span> <span class='ocrx_word' id='word_1_216' title='bbox 685 1841 727 1885; x_wconf 94' lang='lat' dir='ltr'>in</span> <span class='ocrx_word' id='word_1_217' title='bbox 760 1842 877 1886; x_wconf 93' lang='lat' dir='ltr'>lecto</span> <span class='ocrx_word' id='word_1_218' title='bbox 908 1841 1079 1886; x_wconf 89' lang='lat' dir='ltr'>caelibe</span> <span class='ocrx_word' id='word_1_219' title='bbox 1111 1843 1186 1898; x_wconf 89' lang='lat'>(=</span> <span class='ocrx_word' id='word_1_220' title='bbox 1208 1842 1251 1886; x_wconf 91' lang='lat' dir='ltr'>in</span> <span class='ocrx_word' id='word_1_221' title='bbox 1273 1843 1391 1887; x_wconf 92' lang='lat' dir='ltr'>lecto</span> <span class='ocrx_word' id='word_1_222' title='bbox 1420 1842 1592 1902; x_wconf 92' lang='lat' dir='ltr'>innupti</span> <span class='ocrx_word' id='word_1_223' title='bbox 1625 1843 1725 1899; x_wconf 90' lang='lat' dir='ltr'>viri)</span> <span class='ocrx_word' id='word_1_224' title='bbox 1758 1843 1910 1887; x_wconf 90' lang='lat' dir='ltr'>deser·</span> 
     </span>
     <span class='ocr_line' id='line_1_26' title="bbox 521 1900 1140 1955; baseline 0 -12"><span class='ocrx_word' id='word_1_225' title='bbox 521 1909 592 1944; x_wconf 90' lang='lat' dir='ltr'>tus</span> <span class='ocrx_word' id='word_1_226' title='bbox 624 1907 694 1943; x_wconf 93' lang='lat' dir='ltr'>est</span> <span class='ocrx_word' id='word_1_227' title='bbox 725 1901 804 1955; x_wconf 88' lang='lat' dir='ltr'>(sc.</span> <span class='ocrx_word' id='word_1_228' title='bbox 837 1900 895 1943; x_wconf 90' lang='lat' dir='ltr'>ab</span> <span class='ocrx_word' id='word_1_229' title='bbox 927 1903 1140 1954; x_wconf 89' lang='lat' dir='ltr'>amata).</span> 
     </span>
    </p>
   </div>
   <div class='ocr_carea' id='block_1_5' title="bbox 245 1968 1911 2318">
    <p class='ocr_par' dir='ltr' id='par_1_5' title="bbox 402 1968 1911 2028">
     <span class='ocr_line' id='line_1_27' title="bbox 402 1968 1911 2028; baseline 0.001 -16"><span class='ocrx_word' id='word_1_230' title='bbox 402 1970 447 2025; x_wconf 74' lang='lat' dir='ltr'>d)</span> <span class='ocrx_word' id='word_1_231' title='bbox 481 1969 661 2013; x_wconf 90' lang='lat' dir='ltr'>Mallius</span> <span class='ocrx_word' id='word_1_232' title='bbox 703 1968 744 2012; x_wconf 91' lang='lat' dir='ltr'>in</span> <span class='ocrx_word' id='word_1_233' title='bbox 785 1969 902 2013; x_wconf 93' lang='lat' dir='ltr'>lecto</span> <span class='ocrx_word' id='word_1_234' title='bbox 942 1968 1115 2013; x_wconf 89' lang='lat' dir='ltr'>caelibe</span> <span class='ocrx_word' id='word_1_235' title='bbox 1158 1972 1231 2023; x_wconf 88' lang='lat'>(=</span> <span class='ocrx_word' id='word_1_236' title='bbox 1262 1970 1304 2014; x_wconf 92' lang='lat' dir='ltr'>in</span> <span class='ocrx_word' id='word_1_237' title='bbox 1347 1970 1464 2015; x_wconf 89' lang='lat' dir='ltr'>lecto</span> <span class='ocrx_word' id='word_1_238' title='bbox 1505 1970 1675 2028; x_wconf 92' lang='lat' dir='ltr'>innupti</span> <span class='ocrx_word' id='word_1_239' title='bbox 1709 1970 1808 2027; x_wconf 90' lang='lat' dir='ltr'>viri)</span> <span class='ocrx_word' id='word_1_240' title='bbox 1840 1978 1911 2014; x_wconf 91' lang='lat' dir='ltr'>est</span> 
     </span>
    </p>

    <p class='ocr_par' dir='ltr' id='par_1_6' title="bbox 521 2026 1197 2082">
     <span class='ocr_line' id='line_1_28' title="bbox 521 2026 1197 2082; baseline 0.003 -12"><span class='ocrx_word' id='word_1_241' title='bbox 521 2027 730 2071; x_wconf 88' lang='lat' dir='ltr'>desertus</span> <span class='ocrx_word' id='word_1_242' title='bbox 761 2028 832 2082; x_wconf 91' lang='lat'>(=</span> <span class='ocrx_word' id='word_1_243' title='bbox 864 2026 1197 2082; x_wconf 83' lang='lat' dir='ltr'>solitarius).</span> 
     </span>
    </p>

    <p class='ocr_par' dir='ltr' id='par_1_7' title="bbox 245 2085 1911 2318">
     <span class='ocr_line' id='line_1_29' title="bbox 384 2085 1910 2145; baseline 0.002 -17"><span class='ocrx_word' id='word_1_244' title='bbox 384 2085 590 2140; x_wconf 83' lang='lat' dir='ltr'>Quorum</span> <span class='ocrx_word' id='word_1_245' title='bbox 655 2092 833 2128; x_wconf 91' lang='lat' dir='ltr'>uattuor</span> <span class='ocrx_word' id='word_1_246' title='bbox 865 2099 1050 2129; x_wconf 90' lang='lat' dir='ltr'>casuum</span> <span class='ocrx_word' id='word_1_247' title='bbox 1081 2085 1275 2143; x_wconf 90' lang='lat' dir='ltr'>primum</span> <span class='ocrx_word' id='word_1_248' title='bbox 1307 2086 1484 2131; x_wconf 91' lang='lat' dir='ltr'>silentio</span> <span class='ocrx_word' id='word_1_249' title='bbox 1515 2086 1767 2145; x_wconf 89' lang='lat' dir='ltr'>praeterire</span> <span class='ocrx_word' id='word_1_250' title='bbox 1792 2086 1910 2139; x_wconf 88' lang='lat' dir='ltr'>licet,</span> 
     </span>
     <span class='ocr_line' id='line_1_30' title="bbox 245 2142 1910 2201; baseline 0.001 -14"><span class='ocrx_word' id='word_1_251' title='bbox 245 2143 348 2200; x_wconf 90' lang='lat' dir='ltr'>quia</span> <span class='ocrx_word' id='word_1_252' title='bbox 394 2158 450 2187; x_wconf 94' lang='lat' dir='ltr'>eo</span> <span class='ocrx_word' id='word_1_253' title='bbox 496 2143 616 2187; x_wconf 91' lang='lat' dir='ltr'>incre</span> <span class='ocrx_word' id='word_1_254' title='bbox 650 2142 742 2187; x_wconf 92' lang='lat' dir='ltr'>ibili</span> <span class='ocrx_word' id='word_1_255' title='bbox 787 2143 961 2187; x_wconf 88' lang='lat' dir='ltr'>ratione</span> <span class='ocrx_word' id='word_1_256' title='bbox 1006 2143 1077 2188; x_wconf 91' lang='lat' dir='ltr'>bis</span> <span class='ocrx_word' id='word_1_257' title='bbox 1123 2143 1263 2188; x_wconf 91' lang='lat' dir='ltr'>idem:</span> <span class='ocrx_word' id='word_1_258' title='bbox 1311 2144 1512 2189; x_wconf 90' lang='lat' dir='ltr'>Mallium</span> <span class='ocrx_word' id='word_1_259' title='bbox 1552 2145 1746 2201; x_wconf 90' lang='lat' dir='ltr'>coniuge</span> <span class='ocrx_word' id='word_1_260' title='bbox 1782 2145 1910 2189; x_wconf 86' lang='lat' dir='ltr'>orba-</span> 
     </span>
     <span class='ocr_line' id='line_1_31' title="bbox 245 2200 1911 2260; baseline 0.001 -16"><span class='ocrx_word' id='word_1_261' title='bbox 245 2210 337 2244; x_wconf 90' lang='lat' dir='ltr'>tum</span> <span class='ocrx_word' id='word_1_262' title='bbox 390 2215 512 2253; x_wconf 90' lang='lat' dir='ltr'>esse,</span> <span class='ocrx_word' id='word_1_263' title='bbox 564 2200 888 2259; x_wconf 87' lang='lat' dir='ltr'>pronuntiatur.</span> <span class='ocrx_word' id='word_1_264' title='bbox 959 2200 1219 2245; x_wconf 90' lang='lat' dir='ltr'>Secundum</span> <span class='ocrx_word' id='word_1_265' title='bbox 1272 2210 1423 2246; x_wconf 89' lang='lat' dir='ltr'>autem</span> <span class='ocrx_word' id='word_1_266' title='bbox 1473 2202 1757 2260; x_wconf 91' lang='lat' dir='ltr'>propositum</span> <span class='ocrx_word' id='word_1_267' title='bbox 1808 2217 1911 2247; x_wconf 88' lang='lat' dir='ltr'>exa-</span> 
     </span>
     <span class='ocr_line' id='line_1_32' title="bbox 245 2258 1911 2318; baseline 0.001 -16"><span class='ocrx_word' id='word_1_268' title='bbox 245 2259 415 2302; x_wconf 90' lang='lat' dir='ltr'>minare</span> <span class='ocrx_word' id='word_1_269' title='bbox 465 2259 708 2312; x_wconf 90' lang='lat' dir='ltr'>debemus,</span> <span class='ocrx_word' id='word_1_270' title='bbox 770 2258 892 2316; x_wconf 93' lang='lat' dir='ltr'>quod</span> <span class='ocrx_word' id='word_1_271' title='bbox 942 2259 1099 2303; x_wconf 91' lang='lat' dir='ltr'>similis</span> <span class='ocrx_word' id='word_1_272' title='bbox 1151 2259 1404 2304; x_wconf 91' lang='lat' dir='ltr'>coniunctio</span> <span class='ocrx_word' id='word_1_273' title='bbox 1454 2260 1497 2304; x_wconf 93' lang='lat' dir='ltr'>in</span> <span class='ocrx_word' id='word_1_274' title='bbox 1549 2260 1690 2318; x_wconf 89' lang='lat' dir='ltr'>ipsius</span> <span class='ocrx_word' id='word_1_275' title='bbox 1743 2259 1911 2304; x_wconf 85' lang='lat' dir='ltr'>Catulli</span> 
     </span>
    </p>
   </div>
   <div class='ocr_carea' id='block_1_6' title="bbox 246 2354 516 2359">
    <p class='ocr_par' dir='ltr' id='par_1_8' title="bbox 246 2354 516 2359">
     <span class='ocr_line' id='line_1_33' title="bbox 246 2354 516 2359; baseline 0 0"><span class='ocrx_word' id='word_1_276' title='bbox 246 2354 516 2359; x_wconf 95' lang='lat' dir='ltr'> </span> 
     </span>
    </p>
   </div>
   <div class='ocr_carea' id='block_1_7' title="bbox 243 2398 1912 2814">
    <p class='ocr_par' dir='ltr' id='par_1_9' title="bbox 243 2398 1912 2814">
     <span class='ocr_line' id='line_1_34' title="bbox 389 2398 1911 2452; baseline 0.001 -18"><span class='ocrx_word' id='word_1_277' title='bbox 389 2398 412 2442; x_wconf 90' lang='lat'>¹)</span> <span class='ocrx_word' id='word_1_278' title='bbox 439 2398 613 2434; x_wconf 88' lang='lat' dir='ltr'>Birtius</span> <span class='ocrx_word' id='word_1_279' title='bbox 639 2399 688 2444; x_wconf 90' lang='lat' dir='ltr'>(p.</span> <span class='ocrx_word' id='word_1_280' title='bbox 714 2399 749 2443; x_wconf 89' lang='lat'>4)</span> <span class='ocrx_word' id='word_1_281' title='bbox 753 2426 767 2452; x_wconf 43' lang='grc' dir='ltr'><em>Ι</em></span> <span class='ocrx_word' id='word_1_282' title='bbox 804 2410 890 2434; x_wconf 89' lang='lat' dir='ltr'>cum</span> <span class='ocrx_word' id='word_1_283' title='bbox 925 2405 1087 2444; x_wconf 85' lang='lat' dir='ltr'>negaret</span> <span class='ocrx_word' id='word_1_284' title='bbox 1123 2400 1350 2436; x_wconf 75' lang='lat' dir='ltr'>»caetibem‹</span> <span class='ocrx_word' id='word_1_285' title='bbox 1379 2414 1423 2430; x_wconf 95' lang='lat'><strong><em>=</em></strong></span> <span class='ocrx_word' id='word_1_286' title='bbox 1448 2401 1607 2436; x_wconf 90' lang='lat' dir='ltr'>viduum</span> <span class='ocrx_word' id='word_1_287' title='bbox 1642 2400 1785 2445; x_wconf 77' lang='grc' dir='ltr'><em>(χῆρον)</em></span> <span class='ocrx_word' id='word_1_288' title='bbox 1811 2412 1911 2445; x_wconf 89' lang='lat' dir='ltr'>esse,</span> 
     </span>
     <span class='ocr_line' id='line_1_35' title="bbox 245 2445 1911 2492; baseline 0.002 -13"><span class='ocrx_word' id='word_1_289' title='bbox 245 2445 344 2480; x_wconf 86' lang='lat' dir='ltr'>hune</span> <span class='ocrx_word' id='word_1_290' title='bbox 370 2446 494 2480; x_wconf 89' lang='lat' dir='ltr'>locum</span> <span class='ocrx_word' id='word_1_291' title='bbox 529 2456 623 2481; x_wconf 88' lang='lat' dir='ltr'>suae</span> <span class='ocrx_word' id='word_1_292' title='bbox 657 2445 827 2490; x_wconf 81' lang='lat' dir='ltr'>opinioni</span> <span class='ocrx_word' id='word_1_293' title='bbox 862 2452 1144 2491; x_wconf 88' lang='lat' dir='ltr'>repugnantem</span> <span class='ocrx_word' id='word_1_294' title='bbox 1180 2453 1316 2492; x_wconf 86' lang='lat' dir='ltr'>argute</span> <span class='ocrx_word' id='word_1_295' title='bbox 1342 2446 1393 2482; x_wconf 89' lang='lat' dir='ltr'>ita</span> <span class='ocrx_word' id='word_1_296' title='bbox 1419 2447 1552 2491; x_wconf 89' lang='lat' dir='ltr'>vertit,</span> <span class='ocrx_word' id='word_1_297' title='bbox 1578 2452 1621 2482; x_wconf 89' lang='lat' dir='ltr'>ut</span> <span class='ocrx_word' id='word_1_298' title='bbox 1644 2447 1790 2483; x_wconf 88' lang='lat' dir='ltr'>diceret</span> <span class='ocrx_word' id='word_1_299' title='bbox 1815 2447 1911 2483; x_wconf 88' lang='lat' dir='ltr'>Lao-</span> 
     </span>
     <span class='ocr_line' id='line_1_36' title="bbox 245 2491 1910 2537; baseline 0.002 -11"><span class='ocrx_word' id='word_1_300' title='bbox 245 2491 396 2526; x_wconf 86' lang='lat' dir='ltr'>damiae</span> <span class='ocrx_word' id='word_1_301' title='bbox 420 2498 459 2527; x_wconf 91' lang='lat' dir='ltr'>et</span> <span class='ocrx_word' id='word_1_302' title='bbox 483 2491 686 2527; x_wconf 89' lang='lat' dir='ltr'>Protesilai</span> <span class='ocrx_word' id='word_1_303' title='bbox 713 2491 930 2537; x_wconf 88' lang='lat' dir='ltr'>coniugium</span> <span class='ocrx_word' id='word_1_304' title='bbox 956 2503 1033 2527; x_wconf 91' lang='lat' dir='ltr'>non</span> <span class='ocrx_word' id='word_1_305' title='bbox 1059 2504 1234 2528; x_wconf 91' lang='lat' dir='ltr'>verum</span> <span class='ocrx_word' id='word_1_306' title='bbox 1260 2493 1465 2529; x_wconf 89' lang='lat' dir='ltr'>conubium</span> <span class='ocrx_word' id='word_1_307' title='bbox 1491 2493 1622 2530; x_wconf 86' lang='lat' dir='ltr'>fuisse.</span> <span class='ocrx_word' id='word_1_308' title='bbox 1671 2493 1731 2529; x_wconf 88' lang='lat' dir='ltr'>De</span> <span class='ocrx_word' id='word_1_309' title='bbox 1755 2500 1910 2529; x_wconf 84' lang='lat' dir='ltr'>amata</span> 
     </span>
     <span class='ocr_line' id='line_1_37' title="bbox 244 2538 1908 2586; baseline 0.002 -14"><span class='ocrx_word' id='word_1_310' title='bbox 244 2538 399 2573; x_wconf 83' lang='lat' dir='ltr'>deserta</span> <span class='ocrx_word' id='word_1_311' title='bbox 424 2538 539 2583; x_wconf 87' lang='lat' dir='ltr'>igitur</span> <span class='ocrx_word' id='word_1_312' title='bbox 563 2538 665 2573; x_wconf 88' lang='lat' dir='ltr'>illam</span> <span class='ocrx_word' id='word_1_313' title='bbox 691 2549 827 2573; x_wconf 89' lang='lat' dir='ltr'>vocem</span> <span class='ocrx_word' id='word_1_314' title='bbox 855 2538 1038 2583; x_wconf 88' lang='lat' dir='ltr'>scriptam</span> <span class='ocrx_word' id='word_1_315' title='bbox 1063 2550 1162 2574; x_wconf 89' lang='lat' dir='ltr'>esse.</span> <span class='ocrx_word' id='word_1_316' title='bbox 1204 2538 1284 2575; x_wconf 89' lang='lat' dir='ltr'>Sed</span> <span class='ocrx_word' id='word_1_317' title='bbox 1310 2540 1384 2586; x_wconf 91' lang='lat' dir='ltr'>ipsi</span> <span class='ocrx_word' id='word_1_318' title='bbox 1404 2540 1547 2576; x_wconf 90' lang='lat' dir='ltr'>Ovidio</span> <span class='ocrx_word' id='word_1_319' title='bbox 1572 2539 1665 2576; x_wconf 91' lang='lat' dir='ltr'>illud</span> <span class='ocrx_word' id='word_1_320' title='bbox 1689 2539 1908 2585; x_wconf 87' lang='lat' dir='ltr'>coniugium</span> 
     </span>
     <span class='ocr_line' id='line_1_38' title="bbox 245 2584 1912 2632; baseline 0.002 -14"><span class='ocrx_word' id='word_1_321' title='bbox 245 2595 268 2618; x_wconf 91' lang='lat' dir='ltr'>v</span> <span class='ocrx_word' id='word_1_322' title='bbox 283 2594 373 2619; x_wconf 88' lang='lat' dir='ltr'>eru</span> <span class='ocrx_word' id='word_1_323' title='bbox 388 2595 425 2618; x_wconf 92' lang='lat' dir='ltr'>m</span> <span class='ocrx_word' id='word_1_324' title='bbox 452 2584 575 2619; x_wconf 86' lang='lat' dir='ltr'>visum</span> <span class='ocrx_word' id='word_1_325' title='bbox 610 2595 698 2619; x_wconf 90' lang='lat' dir='ltr'>esse</span> <span class='ocrx_word' id='word_1_326' title='bbox 724 2585 1010 2620; x_wconf 90' lang='lat' dir='ltr'>demonstratur</span> <span class='ocrx_word' id='word_1_327' title='bbox 1035 2584 1209 2621; x_wconf 89' lang='lat' dir='ltr'>eiusdem</span> <span class='ocrx_word' id='word_1_328' title='bbox 1235 2585 1423 2632; x_wconf 84' lang='lat' dir='ltr'>epistolae</span> <span class='ocrx_word' id='word_1_329' title='bbox 1449 2598 1566 2622; x_wconf 91' lang='lat' dir='ltr'>versu</span> <span class='ocrx_word' id='word_1_330' title='bbox 1591 2598 1615 2622; x_wconf 86' lang='lat'>2</span> <span class='ocrx_word' id='word_1_331' title='bbox 1661 2588 1848 2628; x_wconf 73' lang='lat' dir='ltr'>(»socer«)</span> <span class='ocrx_word' id='word_1_332' title='bbox 1873 2595 1912 2622; x_wconf 88' lang='lat' dir='ltr'>et</span> 
     </span>
     <span class='ocr_line' id='line_1_39' title="bbox 243 2629 1910 2678; baseline 0.002 -13"><span class='ocrx_word' id='word_1_333' title='bbox 243 2641 291 2675; x_wconf 85' lang='lat'>95</span> <span class='ocrx_word' id='word_1_334' title='bbox 318 2629 484 2674; x_wconf 77' lang='lat' dir='ltr'>»infelix,</span> <span class='ocrx_word' id='word_1_335' title='bbox 526 2641 624 2675; x_wconf 90' lang='lat' dir='ltr'>quae</span> <span class='ocrx_word' id='word_1_336' title='bbox 662 2630 786 2675; x_wconf 87' lang='lat' dir='ltr'>prima</span> <span class='ocrx_word' id='word_1_337' title='bbox 823 2630 979 2666; x_wconf 90' lang='lat' dir='ltr'>virum</span> <span class='ocrx_word' id='word_1_338' title='bbox 1018 2631 1163 2676; x_wconf 87' lang='lat' dir='ltr'>lugebit</span> <span class='ocrx_word' id='word_1_339' title='bbox 1201 2632 1447 2678; x_wconf 74' lang='lat' dir='ltr'>ademptum«</span> <span class='ocrx_word' id='word_1_340' title='bbox 1485 2639 1556 2669; x_wconf 92' lang='lat' dir='ltr'>etc.</span> <span class='ocrx_word' id='word_1_341' title='bbox 1645 2638 1660 2668; x_wconf 94' lang='lat' dir='ltr'>t</span> <span class='ocrx_word' id='word_1_342' title='bbox 1689 2643 1739 2668; x_wconf 91' lang='lat' dir='ltr'>ue</span> <span class='ocrx_word' id='word_1_343' title='bbox 1774 2644 1910 2668; x_wconf 87' lang='lat' dir='ltr'>vocem</span> 
     </span>
     <span class='ocr_line' id='line_1_40' title="bbox 249 2675 1908 2725; baseline 0.003 -15"><span class='ocrx_word' id='word_1_344' title='bbox 249 2675 441 2711; x_wconf 78' lang='lat' dir='ltr'>»caelibis«</span> <span class='ocrx_word' id='word_1_345' title='bbox 472 2687 542 2722; x_wconf 88' lang='lat' dir='ltr'>pro</span> <span class='ocrx_word' id='word_1_346' title='bbox 568 2688 662 2711; x_wconf 88' lang='lat' dir='ltr'>voce</span> <span class='ocrx_word' id='word_1_347' title='bbox 692 2677 836 2712; x_wconf 78' lang='lat' dir='ltr'>»vidui«</span> <span class='ocrx_word' id='word_1_348' title='bbox 865 2677 917 2719; x_wconf 89' lang='lat' dir='ltr'>(et</span> <span class='ocrx_word' id='word_1_349' title='bbox 942 2676 1026 2712; x_wconf 87' lang='lat' dir='ltr'>vice</span> <span class='ocrx_word' id='word_1_350' title='bbox 1053 2677 1181 2721; x_wconf 83' lang='lat' dir='ltr'>versa)</span> <span class='ocrx_word' id='word_1_351' title='bbox 1208 2678 1245 2714; x_wconf 92' lang='lat' dir='ltr'>in</span> <span class='ocrx_word' id='word_1_352' title='bbox 1270 2690 1341 2715; x_wconf 90' lang='lat' dir='ltr'>usu</span> <span class='ocrx_word' id='word_1_353' title='bbox 1362 2679 1480 2715; x_wconf 86' lang='lat' dir='ltr'>fuisse</span> <span class='ocrx_word' id='word_1_354' title='bbox 1499 2679 1625 2715; x_wconf 89' lang='lat' dir='ltr'>Plauti</span> <span class='ocrx_word' id='word_1_355' title='bbox 1708 2678 1908 2725; x_wconf 84' lang='lat' dir='ltr'>rtialisque</span> 
     </span>
     <span class='ocr_line' id='line_1_41' title="bbox 245 2722 1909 2767; baseline 0.002 -10"><span class='ocrx_word' id='word_1_356' title='bbox 245 2722 338 2758; x_wconf 89' lang='lat' dir='ltr'>loeis</span> <span class='ocrx_word' id='word_1_357' title='bbox 378 2722 473 2758; x_wconf 84' lang='lat' dir='ltr'>satis</span> <span class='ocrx_word' id='word_1_358' title='bbox 504 2722 761 2758; x_wconf 86' lang='lat' dir='ltr'>confirmatur.</span> <span class='ocrx_word' id='word_1_359' title='bbox 811 2722 866 2758; x_wconf 90' lang='lat' dir='ltr'>Cf.</span> <span class='ocrx_word' id='word_1_360' title='bbox 908 2723 1025 2759; x_wconf 87' lang='lat' dir='ltr'>etiam</span> <span class='ocrx_word' id='word_1_361' title='bbox 1052 2723 1165 2760; x_wconf 91' lang='lat' dir='ltr'>Ovid.</span> <span class='ocrx_word' id='word_1_362' title='bbox 1192 2725 1239 2760; x_wconf 90' lang='lat' dir='ltr'>A.</span> <span class='ocrx_word' id='word_1_363' title='bbox 1266 2725 1314 2760; x_wconf 88' lang='lat' dir='ltr'>A.</span> <span class='ocrx_word' id='word_1_364' title='bbox 1341 2725 1459 2767; x_wconf 73' lang='lat' dir='ltr'>Iltooe:</span> <span class='ocrx_word' id='word_1_365' title='bbox 1503 2724 1622 2762; x_wconf 79' lang='lat' dir='ltr'>»Cum</span> <span class='ocrx_word' id='word_1_366' title='bbox 1649 2725 1745 2761; x_wconf 89' lang='lat' dir='ltr'>iuvit</span> <span class='ocrx_word' id='word_1_367' title='bbox 1770 2725 1909 2761; x_wconf 89' lang='lat' dir='ltr'>viduos</span> 
     </span>
     <span class='ocr_line' id='line_1_42' title="bbox 245 2768 1268 2814; baseline 0.002 -11"><span class='ocrx_word' id='word_1_368' title='bbox 245 2774 303 2803; x_wconf 70' lang='lat'>&lt;=</span> <span class='ocrx_word' id='word_1_369' title='bbox 329 2768 506 2813; x_wconf 89' lang='lat' dir='ltr'>caelibes,</span> <span class='ocrx_word' id='word_1_370' title='bbox 532 2768 728 2814; x_wconf 86' lang='lat' dir='ltr'>innuptos)</span> <span class='ocrx_word' id='word_1_371' title='bbox 754 2775 866 2813; x_wconf 85' lang='lat' dir='ltr'>rapta</span> <span class='ocrx_word' id='word_1_372' title='bbox 890 2768 1034 2805; x_wconf 89' lang='lat' dir='ltr'>Sabina</span> <span class='ocrx_word' id='word_1_373' title='bbox 1059 2770 1196 2806; x_wconf 67' lang='lat' dir='ltr'>viros«</span> <span class='ocrx_word' id='word_1_374' title='bbox 1226 2790 1268 2796; x_wconf 92' lang='lat'><strong>—</strong></span> 
     </span>
    </p>
   </div>
   <div class='ocr_carea' id='block_1_8' title="bbox 385 2835 1677 2888">
    <p class='ocr_par' dir='ltr' id='par_1_10' title="bbox 385 2835 1677 2888">
     <span class='ocr_line' id='line_1_43' title="bbox 385 2835 1677 2888; baseline 0.001 -14"><span class='ocrx_word' id='word_1_375' title='bbox 385 2835 410 2878; x_wconf 77' lang='lat'>²)</span> <span class='ocrx_word' id='word_1_376' title='bbox 436 2838 479 2873; x_wconf 86' lang='lat' dir='ltr'>cs.</span> <span class='ocrx_word' id='word_1_377' title='bbox 509 2838 795 2874; x_wconf 87' lang='lat' dir='ltr'>Baehrens.</span> <span class='ocrx_word' id='word_1_378' title='bbox 821 2850 958 2874; x_wconf 92' lang='lat' dir='ltr'>comm.</span> <span class='ocrx_word' id='word_1_379' title='bbox 986 2839 1033 2874; x_wconf 89' lang='lat' dir='ltr'>ad</span> <span class='ocrx_word' id='word_1_380' title='bbox 1060 2851 1121 2875; x_wconf 90' lang='lat' dir='ltr'>vv.</span> <span class='ocrx_word' id='word_1_381' title='bbox 1147 2840 1216 2886; x_wconf 84' lang='grc'><strong><em>516.</em></strong></span> <span class='ocrx_word' id='word_1_382' title='bbox 1241 2840 1510 2877; x_wconf 89' lang='lat' dir='ltr'>Weberum</span> <span class='ocrx_word' id='word_1_383' title='bbox 1537 2852 1573 2887; x_wconf 89' lang='lat' dir='ltr'>p.</span> <span class='ocrx_word' id='word_1_384' title='bbox 1601 2852 1677 2888; x_wconf 86' lang='lat'><strong>105.</strong></span> 
     </span>
    </p>
   </div>
   <div class='ocr_carea' id='block_1_9' title="bbox 246 2905 1913 3000">
    <p class='ocr_par' dir='ltr' id='par_1_11' title="bbox 246 2905 1913 3000">
     <span class='ocr_line' id='line_1_44' title="bbox 386 2905 1913 2956; baseline 0.002 -13"><span class='ocrx_word' id='word_1_385' title='bbox 386 2905 412 2951; x_wconf 82' lang='lat'>⁸)</span> <span class='ocrx_word' id='word_1_386' title='bbox 439 2907 755 2944; x_wconf 86' lang='lat' dir='ltr'>Schoellius</span> <span class='ocrx_word' id='word_1_387' title='bbox 785 2908 822 2943; x_wconf 92' lang='lat' dir='ltr'>in</span> <span class='ocrx_word' id='word_1_388' title='bbox 852 2908 925 2944; x_wconf 67' lang='lat' dir='ltr'>„Fi</span> <span class='ocrx_word' id='word_1_389' title='bbox 952 2909 1066 2955; x_wconf 81' lang='lat' dir='ltr'>J.-B.«</span> <span class='ocrx_word' id='word_1_390' title='bbox 1090 2910 1179 2946; x_wconf 85' lang='lat'>1880</span> <span class='ocrx_word' id='word_1_391' title='bbox 1203 2921 1239 2956; x_wconf 90' lang='lat' dir='ltr'>p.</span> <span class='ocrx_word' id='word_1_392' title='bbox 1265 2921 1336 2956; x_wconf 85' lang='lat'>473</span> <span class='ocrx_word' id='word_1_393' title='bbox 1359 2910 1465 2947; x_wconf 90' lang='lat' dir='ltr'>dicit:</span> <span class='ocrx_word' id='word_1_394' title='bbox 1504 2911 1646 2947; x_wconf 80' lang='lat' dir='ltr'>»lectus</span> <span class='ocrx_word' id='word_1_395' title='bbox 1678 2910 1832 2947; x_wconf 87' lang='lat' dir='ltr'>caelebs</span> <span class='ocrx_word' id='word_1_396' title='bbox 1863 2910 1913 2947; x_wconf 88' lang='lat' dir='ltr'>ist</span> 
     </span>
     <span class='ocr_line' id='line_1_45' title="bbox 246 2953 718 3000; baseline 0 -12"><span class='ocrx_word' id='word_1_397' title='bbox 246 2954 315 2989; x_wconf 78' lang='lat' dir='ltr'>das</span> <span class='ocrx_word' id='word_1_398' title='bbox 342 2953 655 3000; x_wconf 76' lang='lat' dir='ltr'>Krankeniager‹</span> <span class='ocrx_word' id='word_1_399' title='bbox 671 2955 718 2998; x_wconf 75' lang='lat' dir='ltr'>(i).</span> 
     </span>
    </p>
   </div>
  </div>
 </body>
</html>
