1942 3380
962 279 1238 321 ‚44-

270 395 397 451 J.-B.,
435 394 540 451 1877
564 408 605 451 p.
627 407 714 450 409
745 402 788 436 et
821 392 862 436 in
885 406 1044 436 comm.
1068 392 1125 435 ad
1148 407 1187 435 v.
1212 394 1299 450 32),
1332 392 1533 451 inprimis
1565 392 1619 445 ei,
1643 392 1718 450 qui
1745 391 1787 436 in
1809 407 1852 437 v.
1879 406 1899 436 1
1922 399 1924 402 '

272 467 405 495 unum
438 465 672 495 munerum
704 465 852 507 genus
883 449 1086 494 denotari
1114 449 1315 494 arbitrati
1341 458 1482 503 erant,
1515 450 1914 495 »haec—munera

269 518 325 561 (v.
360 515 430 567 32)
463 510 519 552 ad
552 523 737 553 munera
768 516 831 552 »et
862 507 1094 551 Musarum
1127 516 1172 551 et
1213 506 1421 553 Veneris«
1451 508 1690 552 reserenda
1721 522 1826 551 esse
1857 522 1885 552 v

271 568 459 611 luerunt.
519 565 615 611 Sed
637 566 710 610 ubi
734 566 774 610 in
800 566 1008 610 versibus
1034 579 1214 623 15—30,
1238 566 1293 609 ad
1312 580 1428 624 quos
1445 581 1518 610 vv.
1536 569 1671 623 31l32
1693 564 1882 610 manifes

302 625 492 669 ertinent
523 625 593 676 (cf.
627 624 656 667 »i
695 623 798 667 itur«
833 660 839 667 .
866 661 872 667 .
900 660 906 666 .
940 624 1129 678 »haec‹<)‚
1164 622 1410 681 quidquam
1443 625 1501 668 de
1533 623 1713 667 »Musis«
1735 623 1896 667 dicitur
1929 620 1936 673 ’,

293 683 497 726 nducitur
528 682 612 725 dea
646 639 829 725 &genus
862 681 977 738 ipsa,
1020 681 1310 738 proferuntur
1345 681 1563 740 proximis
1601 681 1806 739 partibus
1837 682 1942 738 (vva,

269 745 455 797 27-30)
489 755 624 783 verae
657 739 822 782 amoris
854 754 957 790 res,
991 765 1043 770 —
1078 739 1160 782 sed
1191 753 1414 797 nusquam
1435 739 1706 783 »Musarum«
1737 745 1942 785 comme-i

274 807 461 841 morano
493 797 552 849 fit,
586 812 641 840 ne
663 812 748 840 una
772 797 951 854 quidem
982 797 1181 854 syllaba!
1243 797 1280 841 E
1306 796 1532 855 plurativo
1563 805 1712 841 autem
1744 811 1942 842 numero

269 870 485 899 »munera¹
532 862 590 907 (v.
624 857 696 911 32)
740 854 943 898 concludi
987 869 1075 898 non
1115 863 1266 912 potest
1305 855 1396 899 duo
1435 869 1622 899 munera
1664 859 1756 908 (aut
1798 854 1928 899 unius

269 913 465 956 muneris
519 921 721 956 naturam
778 912 1021 969 duplicem)
1076 912 1261 957 indicari
1316 913 1385 966 (cf.
1436 912 1496 957 M.
1549 911 1929 957 Schmidtium

269 986 310 1027 p.
344 971 464 1027 784),
506 971 625 1027 quod
658 971 743 1013 iarn
777 970 819 1013 in
853 986 893 1014 v.
929 985 980 1013 10
1011 979 1315 1028 utrumque
1354 978 1558 1028 optatum
1591 985 1674 1028 per
1706 971 1927 1028 pluralem

269 1029 505 1072 exhibetur
537 1032 757 1081 &munera
792 1028 1029 1082 Veneris<‹).
1093 1027 1309 1072 Ceterum
1342 1029 1384 1072 in
1415 1044 1490 1072 vv.
1519 1032 1623 1085 31l2
1654 1028 1823 1085 legitur
1845 1027 1930 1072 Ca·

270 1086 423 1129 tullum
456 1101 509 1129 ea
541 1101 738 1134 munera,
770 1101 887 1143 quae
919 1086 1003 1143 ipsi
1035 1087 1200 1131 »luctus
1231 1086 1430 1138 ademit«,
1463 1086 1487 1130 i.
1512 1101 1550 1131 e.
1580 1086 1779 1130 amoris
1809 1101 1930 1143 gau-

267 1143 374 1195 dia,
409 1145 628 1200 praebere
659 1159 746 1187 non
779 1159 928 1201 posse.
991 1143 1098 1199 Quo
1121 1144 1239 1188 enim
1261 1144 1472 1188 carminis
1493 1143 1686 1188 LXVIII
1709 1144 1809 1188 loco
1831 1159 1930 1188 sen-

268 1201 425 1249 tentia.
468 1216 494 1244 e
525 1216 613 1258 qua
646 1210 824 1258 poetam
858 1217 967 1259 prae
1003 1202 1179 1245 tristitia
1220 1202 1457 1246 carmina
1496 1202 1672 1258 fingere
1715 1201 1930 1260 nequisse

267 1259 517 1310 existimes,
550 1259 805 1303 invenitur?
865 1259 1016 1314 Quam
1059 1269 1230 1304 temere
1262 1268 1644 1304 commentatores
1676 1275 1702 1304 e
1733 1260 1931 1305 carmine

268 1316 396 1360 LXV
429 1317 469 1360 in
493 1318 576 1360 hoc
599 1325 762 1374 poema
784 1318 1128 1361 transferebant.
1193 1317 1360 1362 Verum
1385 1317 1565 1362 Mallius
1589 1317 1757 1362 Catulli
1779 1317 1929 1375 elegia

267 1383 434 1418 tantum
485 1375 703 1432 comperit
752 1390 985 1419 amorosas
1031 1376 1162 1419 amici
1207 1376 1536 1434 propensiones
1584 1375 1808 1420 maestitia
1853 1391 1929 1434 op-

267 1447 450 1489 pressas
490 1447 608 1477 esse.
677 1432 811 1487 Quae
859 1442 1007 1477 autem
1054 1434 1378 1477 sententiarum
1419 1433 1703 1478 conturbatio
1748 1434 1931 1478 inducta

267 1490 535 1533 »Musarum«
567 1490 840 1547 cogitatione
866 1491 909 1535 in
938 1506 1009 1535 vv.
1043 1506 1211 1549 15—32
1243 1491 1484 1545 exstiterit,
1523 1490 1768 1536 Schulzii
1802 1491 1927 1547 (diss.

266 1562 307 1604 p.
346 1552 411 1604 19)
445 1548 760 1605 explanatione
792 1557 1003 1606 apparet,
1047 1549 1120 1606 qui
1153 1557 1333 1607 poetam
1367 1564 1470 1593 cum
1501 1549 1656 1594 Mallio
1687 1551 1929 1594 communi·

266 1614 438 1649 cantem
472 1606 598 1650 facit:
630 1606 827 1650 studium
862 1607 1171 1650 carminum
1205 1607 1481 1651 ludicrorum
1519 1611 1608 1662 (vv.
1645 1622 1699 1665 19
1729 1615 1775 1652 et
1805 1609 1929 1666 25l6)

267 1663 415 1707 fratris
447 1664 571 1707 obitu
604 1665 843 1721 expulsum
877 1679 981 1708 esse
993 1681 1003 1718 ;
1036 1664 1225 1722 itaque
1247 1666 1291 1719 (l)
1323 1679 1375 1709 se
1406 1680 1555 1722 neque
1576 1680 1664 1710 res
1685 1666 1930 1711 amatorias

267 1735 408 1778 agere
448 1725 536 1774 (vv.
569 1728 758 1778 27—30)
799 1738 946 1780 neque
986 1722 1211 1779 (»igitur«
1248 1739 1289 1766 v.
1329 1724 1424 1780 31l)
1462 1732 1673 1781 poemata
1719 1723 1930 1768 amabilia

267 1793 540 1836 componere
571 1779 690 1823 velle
722 1785 811 1835 (vv,
844 1784 978 1837 31l2).
1012 1807 1066 1811 -—

405 1836 714 1891 Quamobrem
776 1837 935 1881 iterum
990 1838 1278 1882 statuendum
1334 1847 1404 1882 est
1462 1839 1672 1884 versibus
1729 1853 1854 1898 15——
1871 1854 1929 1897 32

266 1899 336 1939 (—
359 1902 541 1951 praeter
562 1910 633 1939 vv,
657 1910 830 1952 20—24
860 1895 1030 1940 scilicet
1051 1898 1124 1950 —)
1157 1895 1261 1940 nihil
1294 1896 1379 1940 nisi
1410 1912 1547 1941 vera
1578 1897 1781 1941 amoris
1802 1911 1929 1954 gau·

266 1951 351 1994 dia
385 1960 572 1995 tractata
611 1967 727 1996 esse.
790 1953 880 1997 Illis
919 1954 1034 1997 enim
1076 1954 1316 1998 enuntiatis
1355 1953 1565 2000 Catullus
1601 1970 1807 1999 »munera
1839 1955 1927 2000 Ve-

266 2009 404 2053 nerisc·r
437 2019 670 2067 praestare
701 2011 882 2055 omnino
914 2012 1154 2056 recusavit.
1186 2039 1240 2044 —

403 2067 558 2124 Atque
590 2069 779 2112 alterum
801 2069 989 2127 petitum
1012 2070 1069 2113 ad
1090 2085 1339 2114 »munera
1361 2069 1666 2115 Musarum«
1697 2071 1929 2129 pertinens

267 2123 307 2167 in
352 2126 646 2183 sequentibus
689 2127 898 2170 carminis
941 2127 1145 2185 partibus
1188 2136 1425 2172 tractatum
1470 2128 1520 2172 iri
1564 2129 1665 2187 quis
1707 2137 1778 2173 est
1820 2130 1927 2187 quin

265 2191 514 2240 exspectet,
546 2185 810 2242 praesertim
844 2200 945 2229 cum
977 2200 1091 2230 voce
1111 2186 1262 2230 »haec«
1287 2186 1331 2229 in
1353 2186 1475 2230 initio
1497 2201 1659 2231 versus
1681 2201 1737 2244 32
1758 2202 1832 2231 ma
1869 2202 1928 2232 no

265 2255 365 2283 cum
399 2250 627 2286 momento
689 2243 804 2287 osita
836 2243 1024 2287 aliorum
1058 2258 1241 2300 quoque
1273 2244 1493 2288 donorum
1526 2245 1798 2290 mentionem
1846 2260 1927 2290 ore

264 2298 581 2355 promittatur?
691 2316 791 2345 uam
831 2303 1214 2359 exspectationem
1255 2301 1464 2346 versibus
1503 2303 1713 2360 33-36
1751 2303 1926 2361 expleri

265 2356 472 2412 equidem
515 2358 736 2403 existimo.
798 2358 915 2402 Nam
959 2358 1043 2403 etsi
1077 2358 1286 2404 Catullus
1326 2374 1414 2403 non
1455 2360 1553 2418 ipse
1594 2361 1785 2404 amicum
1827 2376 1927 2406 con-

265 2414 418 2458 venire
457 2424 502 2459 et
542 2416 599 2459 ad
640 2431 819 2460 amores
862 2416 1047 2461 incitare
1086 2417 1252 2475 potuit,
1294 2426 1443 2462 tamen
1485 2418 1683 2462 carmina
1722 2418 1927 2475 flagitata

264 2470 417 2516 Mallio
449 2473 489 2516 in
522 2473 724 2518 solamen
757 2474 934 2519 mittere
966 2475 1084 2532 potis
1116 2484 1226 2520 erat.
1288 2475 1365 2520 Ad
1403 2476 1518 2520 hanc
1558 2484 1708 2521 autem
1741 2491 1926 2521 causam

263 2538 398 2586 poeta
430 2532 580 2575 verbis
611 2547 757 2575 »nam
830 2533 964 2576 uod«
995 2533 1349 2590 transgreditur,
1391 2549 1510 2591 quae
1547 2549 1630 2592 per
1661 2534 1733 2578 elli
1767 2534 1835 2579 sin
1867 2535 1927 2579 in-

266 2588 524 2645 tellegenda
557 2604 660 2634 esse
693 2590 779 2633 iam
853 2626 861 2634 .
895 2590 1388 2636 Weidenbachius
1418 2599 1478 2650 (p.
1510 2606 1538 2650 3
1597 2596 1694 2649 sq.),
1727 2549 1926 2637 Munro

263 2650 319 2701 (p.
356 2651 463 2703 175),
497 2645 807 2692 Sehulzius
854 2648 979 2698 (diss.
1019 2663 1061 2706 p.
1089 2664 1147 2693 20
1172 2652 1273 2706 sq.),
1317 2649 1543 2694 Harnec
1596 2664 1730 2695 erus
1772 2652 1831 2708 (p.
1862 2654 1921 2708 9),

263 2701 837 2749 Hoerschelmannus
881 2716 940 2763 (p.
987 2711 1052 2763 14)
1101 2707 1213 2751 scite
1263 2716 1610 2765 proposuerunt.
1687 2706 1925 2752 Sententia

263 2761 380 2805 enirn
414 2762 603 2806 alterum
636 2777 783 2819 genus
817 2778 1050 2808 munerum
1083 2764 1355 2829 respiciens,
1397 2779 1532 2822 quam
1574 2766 1736 2810 vocula
1774 2766 1925 2810 »haec«

263 2819 448 2863 excitari
481 2835 670 2865 necesse
701 2830 783 2877 est,
817 2821 913 2879 ipsa
945 2837 1049 2865 non
1083 2822 1266 2879 legitur,
1298 2823 1380 2867 sed
1413 2822 1545 2867 tacite
1577 2823 1809 2881 proposita
1841 2832 1924 2876 est,

264 2891 364 2920 cum
396 2877 546 2921 statim
580 2878 783 2922 eiusdem
817 2893 1115 2923 causarum
1149 2880 1355 2925 tractatio
1377 2880 1569 2938 incipiat.
1632 2880 1679 2924 In
1702 2881 1788 2926 hoc
1810 2896 1925 2939 ergo

264 2949 400 2978 versu
423 2935 482 2979 ita
505 2935 598 2980 fere
620 2936 846 2994 perfectus
869 2947 1238 2993 argumentorum
1262 2952 1493 2983 connexus
1515 2938 1730 2996 integrari
1753 2947 1924 2997 potest:
