1942 3380
888 284 1173 328 ,54-

198 398 514 450 assentiuntur,
548 397 607 440 ita
639 411 776 454 porro
808 396 1082 440 concludunt
1112 396 1181 450 (cf.
1214 395 1422 442 Kiessl.
1456 413 1498 456 p.
1536 399 1630 453 16):
1665 397 1866 442 Carmini
1914 452 1916 455 ι

199 454 407 499 LXVIIIa
438 469 601 498 munus
632 452 882 512 poeticum,
922 455 1042 512 quod
1078 453 1287 499 Catullus
1360 457 1621 508 raebuerat,
1664 456 1866 501 additum
1917 479 1920 483 ⁴

197 513 335 556 fuisse
382 512 664 556 manifestum
713 521 794 556 est.
872 511 993 567 Quia
1038 520 1189 556 autem
1236 513 1279 556 in
1326 470 1451 557 libris
1499 528 1656 557 msscr.
1697 514 1799 558 inde
1840 529 1867 558 a

199 586 334 615 versu
376 586 428 628 41
479 570 759 628 praeclarum
802 585 983 614 carmen
1025 570 1299 614 laudativum
1343 571 1386 615 in
1429 587 1592 616 nomen
1641 571 1766 616 -›A11i«
1813 597 1871 604 --

198 644 332 686 quem
365 629 511 686 ipsum
545 628 678 672 etiam
711 628 753 672 in
787 643 859 672 vv.
897 643 1037 684 1-40
1067 628 1311 672 allocutum
1353 644 1458 681 esse
1489 638 1669 688 poetam
1703 629 1874 688 simpli·²

197 687 308 731 citer
330 695 530 730 statuunt
568 713 612 717 —
649 686 894 739 exorditur,
929 686 1036 743 quid
1068 686 1217 744 magis
1249 686 1438 732 evidens
1469 703 1603 745 quam
1636 687 1866 732 Catullum

197 745 342 788 sodali
375 744 607 801 flagitanti,
640 759 741 788 cum
775 744 879 787 nihil
914 744 1034 788 aliud
1067 745 1178 789 dare
1210 753 1380 802 posset,
1423 747 1507 790 hoc
1580 754 1732 799 oema,
1777 760 1869 803 quo

198 803 271 846 ille
303 803 400 860 ipse
432 817 607 846 summa
648 802 984 860 praedicatione
1028 802 1236 855 effertur,
1278 802 1492 848 misisse?
1600 804 1671 847 uic
1716 812 1867 848 autem

197 860 392 918 opinioni
441 861 566 904 varia
612 860 779 924 opponi
827 869 1029 918 possunt.
1108 860 1310 904 Mallium
1357 861 1476 906 enim
1523 877 1548 905 a
1594 860 1776 906 Catullo
1824 861 1870 905 id

197 933 430 976 accepisse
463 933 773 974 cognowmus,
809 919 930 976 quod
964 919 1039 962 illa
1069 934 1178 963 »una
1217 919 1421 977 capsula«
1453 919 1768 964 continebatur
1799 919 1866 971 (cf.
1939 958 1942 977 ‚

198 977 423 1020 Weber.
467 992 509 1034 p.
562 987 670 1033 117).
734 977 885 1021 Unum
924 986 1076 1022 autem
1117 992 1299 1022 carmen
1340 986 1513 1022 tanturn
1551 977 1594 1021 in
1634 993 1688 1022 ea
1728 977 1870 1021 fuisse
1936 996 1942 1024 f

200 1035 457 1091 haudquam
493 1050 517 1078 e
550 1050 662 1078 voce
694 1035 947 1092 »capsulae«
978 1035 1077 1100 ipsa
1109 1035 1223 1079 effici
1255 1043 1418 1093 potest,
1451 1051 1568 1093 quae
1601 1036 1705 1093 quin
1739 1050 1870 1079 com·
1938 1039 1942 1047 ‘

200 1093 396 1151 plures
429 1093 621 1146 chartas,
655 1093 739 1136 etsi
771 1108 858 1136 non
892 1108 1088 1136 maxima
1111 1102 1220 1147 erat,
1253 1094 1642 1151 comprehendere
1659 1093 1868 1151 potuerit,

198 1151 300 1208 quis
332 1159 401 1194 est
433 1151 507 1208 qui
541 1151 714 1195 dubitet
747 1151 815 1202 (cf.
851 1151 1132 1195 Monsium
1176 1151 1179 1153 ’
1208 1187 1216 1195 .
1253 1152 1352 1205 16)?
1413 1151 1510 1196 Sed
1541 1160 1590 1195 ut
1622 1152 1868 1195 concedam
1940 1188 1942 1192 .

199 1224 306 1253 vere
338 1224 475 1252 unum
509 1224 688 1252 carmen
723 1209 869 1252 solum
902 1210 944 1252 in
977 1224 1115 1266 capsa
1147 1225 1173 1253 a
1207 1209 1347 1253 ditum
1380 1210 1542 1254 fuisse:
1586 1210 1724 1263 idem,
1767 1224 1870 1254 cum
1938 1213 1942 1222 ²

200 1282 225 1311 e
260 1267 419 1310 istolae
464 1269 551 1321 (VV.
598 1271 754 1323 1—40)
798 1267 952 1311 verbis
996 1268 1118 1311 illam
1162 1268 1393 1326 capsulam
1436 1267 1681 1312 solitariam
1723 1267 1871 1311 Roma

244 1340 427 1369 eronam
461 1326 722 1369 translatam
757 1340 861 1369 esse
892 1326 1104 1370 traditum
1138 1326 1207 1378 sit,
1239 1326 1281 1370 in
1315 1327 1453 1370 urbe
1484 1326 1583 1384 ipsa
1615 1326 1717 1370 iarn
1749 1340 1871 1383 per-

199 1383 219 1426 f
224 1391 406 1427 ectum
438 1383 578 1427 fuisse
601 1384 820 1440 colligere
842 1399 1032 1428 necesse
1054 1393 1136 1428 est.
1201 1383 1298 1428 Cur
1319 1392 1483 1437 autem,
1517 1399 1702 1442 quaeso,
1767 1391 1872 1427 oeta

199 1442 289 1485 tale
333 1456 448 1506 opus
489 1442 656 1494 amico,
701 1442 744 1485 in
783 1442 910 1486 cuius
949 1442 1142 1498 gloriam
1184 1442 1470 1493 condiderat,
1515 1457 1603 1486 non
1636 1457 1719 1486 con
1739 1441 1870 1486 estim

199 1499 414 1552 reddidit,
461 1508 508 1543 ut
539 1500 790 1544 secundum
822 1508 975 1557 optata
1008 1500 1427 1558 gratulationesque
1459 1500 1501 1544 in
1535 1515 1606 1543 vv.
1645 1501 1873 1557 149—160

200 1557 531 1601 facta-decuit?
594 1558 689 1601 Cur
721 1558 763 1601 in
796 1558 954 1602 itinere
986 1573 1141 1602 secum
1174 1558 1301 1602 tulit?
1364 1557 1461 1602 Cur
1492 1558 1536 1602 id
1569 1558 1745 1602 solum?
1796 1558 1872 1601 An

199 1616 405 1660 fortunae
436 1616 551 1659 forte
585 1631 692 1660 casu
717 1616 879 1669 evenit,
912 1625 962 1660 ut
984 1614 1194 1660 Catullus
1217 1616 1282 1660 eis
1315 1616 1424 1674 ipsis
1457 1616 1751 1674 temporibus,
1780 1615 1874 1673 qui·

200 1675 285 1718 bus
326 1673 498 1718 amicus
542 1689 747 1718 :vmunera
784 1673 1038 1718 Musarum«
1069 1674 1214 1732 petiit,
1256 1688 1470 1731 magnum
1505 1689 1710 1727 carmen,
1752 1673 1874 1731 quod

201 1733 244 1775 in
290 1732 408 1775 illius
459 1733 639 1775 laudem
687 1741 1030 1790 composuerat,
1083 1733 1171 1776 iam
1219 1732 1468 1791 expolitum
1514 1733 1556 1776 in
1600 1732 1874 1776 bibliotheca

201 1790 426 1834 itineraria
473 1791 662 1833 haberet
709 1799 845 1847 atque
897 1791 940 1834 id
989 1805 1124 1834 unum
1171 1789 1214 1834 in
1266 1790 1457 1848 patriam
1511 1789 1874 1848 transportaret?

201 1848 371 1892 Verum
419 1848 504 1892 hoc
552 1847 731 1891 minime
778 1848 1022 1892 verisimile
1065 1848 1170 1892 mihi
1214 1863 1317 1892 esse
1354 1848 1554 1902 videtur,
1604 1848 1873 1906 praesertim

201 1921 303 1950 cum
335 1921 392 1949 ne
423 1921 512 1949 uno
545 1906 727 1962 quidem
760 1907 984 1964 poematis
1014 1907 1158 1950 verbo
1185 1906 1499 1964 opportunitas
1521 1915 1611 1950 tam
1635 1906 1874 1950 commode

199 1964 316 2008 sorte
347 1963 500 2008 oblata
532 1963 763 2008 indicetur.

343 2022 434 2077 Qui
476 2030 627 2066 autern
671 2022 847 2066 unitarii
888 2023 1003 2067 hanc
1051 2022 1363 2080 explicationis
1409 2022 1630 2066 rationem
1677 2022 1873 2080 probare

205 2080 373 2131 nolunt,
407 2080 473 2124 eis
503 2095 592 2124 una
623 2081 720 2124 sola
752 2080 921 2125 consilii
954 2081 1026 2124 via
1057 2089 1199 2125 restat
1229 2089 1354 2125 recta
1385 2095 1546 2124 vocum
1578 2095 1686 2124 »non
1717 2079 1876 2124 utrius-

233 2153 309 2182 ue«
364 2138 735 2196 interpretatione
795 2139 950 2196 utique
1010 2138 1256 2197 proposita.
1344 2139 1470 2183 Licet
1526 2138 1642 2182 enim
1701 2136 1874 2196 opinari

247 2196 451 2247 atullum‚
498 2205 602 2254 post
636 2212 740 2241 uam
787 2197 917 2241 amici
964 2212 1125 2255 preces
1165 2196 1362 2254 accepit,
1413 2206 1505 2241 tum
1551 2197 1734 2240 demum
1782 2210 1874 2240 car·

203 2270 305 2298 men
354 2255 558 2311 41-160
605 2212 665 2299 illi
715 2255 799 2313 ipsi
847 2255 1030 2320 proprie
1080 2255 1427 2313 conscripsisse,
1480 2255 1620 2312 quod,
1682 2253 1786 2312 quia
1831 2253 1873 2297 in

203 2313 417 2370 »scriptis«
448 2316 507 2363 (V.
541 2327 569 2370 3
600 2316 614 2365 )
647 2313 794 2357 Roma
826 2313 974 2358 allatis
1005 2328 1109 2357 esse
1141 2329 1229 2357 non
1261 2313 1418 2372 potuit,
1483 2321 1634 2357 raeter
1662 2327 1716 2356 ea
1738 2320 1874 2368 atque

203 2386 291 2414 una
332 2386 433 2415 cum
475 2371 528 2415 iis
618 2371 722 2416 allio
763 2371 978 2416 tributum
1019 2386 1123 2416 esse
1163 2380 1308 2429 putes.
1371 2329 1480 2415 SedJ
1504 2370 1695 2429 primum
1737 2370 1874 2414 talem

204 2429 507 2473 coniecturam
541 2430 662 2473 nullo
703 2430 913 2474 carminis
951 2429 1142 2474 LXVIII
1182 2430 1427 2473 verborum
1466 2428 1758 2473 fundamento
1798 2427 1875 2471 niti

204 2488 501 2545 reputandum
550 2496 632 2532 est.
706 2488 863 2543 Quare
909 2489 1044 2532 etiam
1093 2487 1302 2532 Catullus
1350 2497 1439 2531 tam
1487 2487 1728 2544 diligenter
1773 2501 1875 2530 sese

204 2560 425 2589 excusare
457 2546 613 2590 debuit
644 2548 733 2597 (vv.
765 2547 901 2604 37l8),
934 2547 970 2590 si
1005 2547 1123 2590 dona
1154 2545 1310 2598 missa,
1350 2553 1518 2603 quanto
1551 2545 1698 2589 minus
1729 2544 1872 2603 copia,

205 2612 329 2647 tanto
361 2604 509 2660 magis
541 2604 755 2662 qualitate
787 2605 1081 2656 excellebant,
1115 2619 1215 2648 curn
1249 2618 1430 2648 carmen
1462 2603 1591 2647 amici
1623 2602 1707 2661 ipsi
1739 2602 1874 2647 nomi-

204 2661 341 2706 natim
374 2662 628 2706 dedicatum
662 2663 880 2707 daretur?
941 2662 1029 2718 Qui
1055 2662 1251 2727 denique
1273 2661 1487 2706 credibile
1517 2669 1587 2705 est
1640 2669 1804 2713 oetam,
1836 2660 1874 2704 si

205 2720 341 2764 modo
360 2735 494 2764 veros
511 2720 643 2764 animi
661 2735 826 2765 sensus
843 2721 1157 2779 motionesque
1175 2735 1217 2764 in
1241 2719 1437 2764 carmine
1456 2719 1604 2763 LXVI
1630 2719 1646 2763 Ι
1665 2718 1873 2777 prodidit,

204 2793 306 2822 cum
354 2779 438 2822 sibi
484 2793 635 2822 rerum
683 2779 942 2823 amabilium
990 2780 1268 2837 voluptatem
1316 2777 1419 2822 inde
1462 2793 1488 2821 a
1534 2777 1683 2821 fratris
1729 2785 1875 2820 morte

205 2851 394 2895 prorsus
426 2837 591 2880 abesse
624 2837 807 2891 diceret,
847 2837 1057 2881 continuo
1101 2851 1283 2880 carmen
1324 2836 1443 2880 haud
1476 2835 1692 2892 exiguum
1725 2834 1875 2879 condi-

205 2894 349 2948 disse,
393 2895 434 2938 in
476 2895 603 2939 cuius
644 2895 848 2953 partibus
889 2895 1085 2939 maxime
1125 2894 1381 2953 praecipuis
1409 2893 1753 2995 eraeclarisque
1786 2906 1874 2936 me·

206 2953 346 2997 moria
379 2952 650 2997 lascivorum
684 2968 887 2997 amorum
930 2953 1058 3011 quasi
1091 2952 1348 2998 helluatur‘?
1453 2967 1479 2996 e
1520 2950 1563 2995 in
1604 2950 1875 2995 contrariam
