1942 3380
927 262 1212 319 ——56-—

230 391 475 434 videtur.
537 390 692 445 Atque
725 404 812 432 non
846 388 981 432 modo
1018 403 1167 432 rerum
1201 398 1664 447 argumentorumque
1697 404 1897 436 conexus

229 450 371 502 deest,
404 448 485 492 sed
518 446 651 491 etiam
686 446 1017 490 enuntiatorum
1050 455 1095 490 et
1129 448 1392 499 verborum,
1425 448 1625 506 qualem,
1659 457 1706 492 ut
1737 463 1898 495 versus

227 521 278 562 41
316 505 541 564 prioribus
572 505 777 563 partibus
805 505 922 548 bene
945 504 1210 562 applicetur,
1233 514 1486 564 exspectes.
1550 504 1899 563 Copulationem

229 574 379 608 autem
426 563 617 621 partium
666 562 970 607 difficillimam
1016 577 1121 607 esse
1171 577 1227 607 eo
1278 562 1378 621 ipso
1428 563 1726 620 intellegitur,
1778 565 1898 630 quod

229 622 407 687 plurimi
445 621 776 665 »unitariorum«
789 624 821 673 1)
853 620 911 664 de
952 628 1050 664 arta
1091 634 1306 665 versuum
1336 635 1394 678 40
1424 630 1470 666 et
1499 636 1553 680 41
1588 621 1900 669 coniunctione

228 695 315 724 iam
348 681 720 737 desperaverunt.
784 678 849 722 Ea
882 678 999 722 enim
1031 678 1107 722 vix
1141 678 1277 736 longa
1308 680 1631 724 sententiarum
1654 679 1900 739 intercape-

229 738 332 782 dine
346 742 379 792 2)
427 737 667 781 artificiose
711 744 902 789 statuta,
951 736 1120 795 quippe
1166 752 1285 795 quae
1326 738 1677 796 haudquaquam
1719 753 1900 796 praece-

229 797 427 840 dentium
459 809 673 839 versuum
706 794 988 851 argumentis
1019 803 1119 839 orta
1140 795 1209 848 sit,
1241 795 1433 840 obtineri
1463 805 1598 853 atque
1620 797 1901 854 »praeclaris-
1937 817 1942 838 l

229 854 341 897 sima
381 853 490 909 fingi
513 861 675 911 potest.
730 853 901 909 Itaque,
925 852 1023 896 sive
1052 852 1267 897 »unitarii«
1289 868 1444 898 sumus
1468 854 1566 899 sive
1593 856 1900 912 »χωρίζοντες«,

228 913 347 969 apud
399 926 582 955 versum
622 926 675 968 41
719 925 921 967 magna
963 910 1180 955 incisio
1222 912 1496 956 carminis
1537 912 1669 956 nobis
1707 912 1901 957 notanda

229 979 311 1014 est.
374 969 512 1024 Quod
535 970 617 1013 nisi
640 969 865 1022 concedis,
894 969 1276 1014 mirabilissimum
1298 970 1507 1014 carminis
1529 970 1900 1028 compositionem

227 1028 465 1129 proponis,
509 1042 610 1071 cuni
654 1026 864 1071 Catullus
904 1027 1113 1072 videatur
1153 1027 1346 1093 primum
1387 1043 1470 1086 per
1510 1028 1749 1086 epistolam
1782 1028 1902 1072 sami·

246 1086 397 1138 iarem,
432 1113 485 1116 —
518 1101 653 1143 quarn
685 1101 769 1143 pro
801 1086 1082 1142 argumentis
1113 1086 1261 1130 alieno
1283 1086 1439 1130 lectori
1461 1086 1703 1130 maximam
1726 1094 1901 1144 partem

227 1144 434 1188 obscuris
456 1152 590 1201 poeta
614 1144 655 1187 in
673 1143 901 1201 publicum
920 1144 1058 1188 edere
1076 1144 1267 1188 noluerit
1289 1144 1357 1196 (cf.
1377 1144 1599 1188 Fenner.
1619 1159 1660 1202 p.
1679 1149 1752 1202 25)
1771 1171 1825 1176 -
1843 1145 1900 1188 ad

227 1202 429 1245 Mallium
463 1201 600 1258 loqui,
643 1210 738 1246 tum
779 1217 805 1245 a
845 1216 983 1245 versu
1023 1217 1076 1258 41
1119 1203 1270 1246 subito
1309 1216 1502 1258 gravem
1544 1211 1589 1247 et
1632 1203 1899 1247 sollemnem

228 1260 357 1304 amici
391 1260 692 1304 laudationem
725 1261 918 1315 habere,
957 1275 1092 1317 quem
1125 1260 1211 1304 iam
1245 1260 1334 1304 alio
1366 1261 1544 1304 nomine
1575 1260 1733 1317 gentili
1764 1269 1901 1318 atque

228 1327 360 1362 antea
407 1318 685 1376 appellatum
733 1333 836 1362 esse
882 1318 952 1362 hic
1000 1318 1227 1372 omittam,
1272 1319 1328 1362 ad
1369 1319 1505 1362 finem
1547 1318 1742 1376 denique
1783 1318 1902 1362 dicta

227 1377 451 1433 quaedam
484 1376 789 1434 privatissima
821 1391 872 1420 ac
895 1391 1013 1433 quae
1034 1376 1239 1420 familiari
1271 1385 1442 1420 tantum
1476 1378 1567 1433 (vv.
1604 1377 1774 1434 157l8!)
1805 1392 1902 1434 per·

226 1435 382 1492 spicua
424 1434 609 1487 fuerint,
657 1435 897 1490 addere3]›;
946 1435 1058 1478 haec
1102 1443 1254 1479 autem
1294 1435 1444 1478 omnia
1485 1435 1696 1479 continuo
1734 1435 1775 1478 in
1815 1449 1903 1478 una

228 1494 383 1536 charta
415 1493 582 1551 scripta
615 1508 720 1537 esse
752 1493 971 1536 dicuntur.
1035 1492 1268 1537 Eiusmodi
1313 1507 1494 1537 carmen
1527 1508 1638 1537 vero
1672 1492 1902 1537 Catullum

228 1551 542 1608 composuisse
574 1551 679 1594 mihi
712 1565 941 1609 nunquam
975 1551 1252 1608 probabitur.

367 1609 538 1666 Itaque,
572 1618 619 1652 ut
652 1609 757 1662 dixi,
791 1609 854 1653 uti
889 1624 946 1652 ue
978 1623 1159 1652 carmen
1192 1609 1312 1666 apud
1346 1624 1387 1652 v.
1409 1623 1467 1665 40
1487 1608 1690 1665 graviter
1711 1608 1900 1653 incisum

228 1682 332 1711 esse
372 1667 499 1711 fateri
542 1676 721 1724 oportet
764 1624 1150 1715 ‹ef.qSkutsch.
1191 1682 1232 1724 p.
1277 1681 1380 1723 144;
1426 1667 1670 1712 Palmer.
1712 1682 1755 1725 p.
1787 1667 1903 1724 348).

229 1726 350 1780 Quia
391 1733 541 1769 autem
583 1733 957 1782 argumentorum
998 1740 1180 1782 quoque
1222 1725 1343 1769 nulla
1386 1725 1618 1770 intercedit
1652 1725 1904 1769 coniunctio

228 1783 343 1827 inter
374 1791 614 1839 utramque
646 1791 820 1840 partem
853 1784 1104 1827 secundum
1145 1798 1219 1836 ea,
1262 1798 1380 1840 quae
1413 1784 1470 1827 de
1502 1799 1575 1828 vv.
1613 1797 1752 1841 1-40
1783 1783 1904 1827 inve·

229 1842 398 1893 nimus,
456 1842 565 1884 duo
612 1841 863 1885 carmina
910 1840 1137 1885 omnino
1185 1842 1552 1885 secernenda
1605 1856 1735 1886 esse
1781 1855 1903 1885 cen·

228 1914 358 1943 sere
391 1899 541 1943 licet.

369 1958 525 2014 Atque
557 1957 600 2000 in
633 1957 941 2015 compluribus
974 1957 1243 2001 editionibus
1274 1957 1464 2001 noviciis
1495 1964 1692 2001 certus
1725 1971 1902 2000 nume-

229 2031 324 2059 rus
355 2015 721 2073 singularum
748 2029 1048 2059 causarum
1081 2015 1216 2073 (apud
1242 2014 1660 2059 Baehrensium
1691 2015 1901 2072 quinque,

229 2074 349 2132 apud
383 2073 637 2118 Riesium
671 2077 865 2132 septem)
900 2088 982 2131 pro
1016 2073 1176 2127 onitur,
1210 2073 1374 2131 quibus
1407 2073 1497 2117 duo
1529 2081 1741 2131 poemata
1772 2087 1902 2131 sepa·

228 2132 370 2175 randa
414 2146 518 2176 esse
560 2132 896 2190 comprobetur.
960 2088 1080 2186 &uia
1121 2140 1271 2175 autern
1311 2139 1691 2176 commentatores
1729 2131 1796 2176 eis
1827 2139 1904 2175 aut

229 2190 477 2234 refutandis
510 2198 587 2234 aut
618 2190 914 2234 defendendis
936 2189 1138 2234 laborem
1161 2189 1391 2248 impertire
1413 2189 1573 2243 solent,
1607 2204 1690 2233 nos
1721 2203 1904 2247 quoque

230 2249 312 2291 has
353 2263 516 2292 causas
557 2248 851 2292 tractabimus
896 2247 1081 2292 Riesii
1123 2247 1328 2292 ordinem
1375 2250 1435 2305 (p.
1474 2248 1603 2303 218),
1657 2262 1748 2304 quo
1794 2262 1904 2291 vera

230 2306 555 2350 commenticiis
586 2306 725 2350 mixta
757 2306 859 2360 sint,
893 2321 981 2350 non
1013 2314 1266 2350 servantes,

371 2365 431 2409 Ut
475 2373 624 2408 autem
667 2365 922 2422 quintam
956 2363 1139 2408 Riesii
1179 2378 1387 2417 causam,
1421 2378 1539 2421 quae
1581 2364 1638 2407 ad
1680 2363 1904 2408 nomina

229 2422 411 2467 diversa
451 2422 667 2480 pertinet,
714 2423 906 2481 primum
951 2422 1217 2480 aggrediar,
1266 2423 1379 2466 haec
1421 2436 1495 2466 res
1536 2421 1622 2465 iam
1665 2422 1706 2465 in
1753 2421 1903 2479 priore

231 2481 361 2524 huius
394 2480 785 2525 commentationis
826 2489 955 2539 parte
997 2483 1112 2539 (cap.
1146 2481 1181 2536 1)
1222 2481 1402 2538 penitus
1443 2488 1685 2538 perspecta
1725 2488 1796 2524 est
1832 2479 1901 2536 (cs.

374 2632 398 2675 ι)
426 2632 470 2668 cf.
499 2632 744 2668 Harneck.
773 2644 807 2678 p.
847 2644 907 2668 10:
948 2632 1056 2668 »Wir
1091 2633 1215 2668 haben
1252 2632 1289 2667 in
1325 2632 1394 2668 der
1426 2631 1529 2667 That
1564 2631 1625 2667 bei
1653 2644 1687 2667 v.
1713 2643 1760 2677 40
1790 2631 1903 2667 einen

230 2679 472 2725 Augenblick
499 2679 587 2715 inne
613 2691 659 2715 zu
692 2679 821 2715 halten
842 2706 847 2712 .
869 2691 911 2714 .<‹.
950 2700 985 2705 —
1024 2678 1375 2724 Kiesslingius
1405 2689 1447 2714 re
1477 2690 1571 2714 vera
1600 2678 1902 2714 coniunctionem

229 2725 397 2772 partium
423 2725 564 2769 omisit,
591 2727 659 2761 sed
685 2725 805 2761 noluit
831 2726 942 2762 fateri
968 2725 1026 2768 (cf.
1053 2726 1101 2761 M.
1128 2725 1364 2761 Schmidt.
1391 2736 1427 2771 p.
1454 2725 1546 2770 782).

374 2771 399 2816 ¹)
426 2772 669 2825 Harneck.
688 2783 725 2818 p.
747 2783 808 2815 105
835 2772 1041 2831 Magnus
1067 2772 1104 2808 in
1133 2772 1208 2807 »FL
1231 2772 1345 2817 J.-13.«
1377 2773 1466 2817 1875
1491 2782 1526 2817 p.
1543 2772 1614 2816 852
1638 2770 1903 2812 (»Gedanken·

233 2820 531 2908 pau3‹³⁴=⁸))51tel¹1¹11t
551 2819 1159 2911 »gij-lgirffmqegziilllxSp.(i1n50p‡g¹c11.
1193 2876 1278 2901 ann.
1304 2864 1384 2918 crit.
1412 2865 1460 2900 ad
1487 2876 1522 2899 v.
1546 2865 1616 2917 68).
1641 2854 1740 2899 hanc
1765 2863 1904 2916 unius

229 2912 412 2948 carminis
446 2912 608 2947 formam
642 2923 730 2947 esse
770 2912 1001 2949 arbitratur:
1043 2923 1224 2958 »corpus«
1259 2912 1416 2965 quidem
1447 2916 1640 2964 poematis
1674 2910 1839 2956 elegiam
1866 2921 1903 2945 in

231 2958 307 2994 Alli
333 2970 474 2995 nomen
500 2969 600 3000 esse.
626 2958 685 2994 cui
711 2959 914 2994 exordium
941 2965 978 2994 et
1005 2958 1198 2995 conclusio
1225 2957 1400 3004 epistolis
1425 2957 1562 2993 Similia
1589 2956 1707 2993 affixa
1731 2956 1818 2993 sint.
