1942 3380
919 282 1202 325 -60-

215 409 403 451 orbatus
445 415 581 451 esset.
654 407 756 452 Vox
798 408 1062 453 »adimendi«
1113 418 1262 453 autem
1307 411 1511 455 consulto
1553 412 1746 470 repetita
1786 428 1889 460 esse

218 465 410 509 videtur.
475 464 647 509 Contra
680 466 939 510 difficillime
981 483 1054 511 vv.
1086 469 1280 525 94—96
1310 468 1366 511 ad
1399 469 1597 526 priorem
1620 478 1794 528 partem
1816 472 1889 517 ad-

215 532 439 587 aptantur,
474 538 573 567 cum
609 523 649 567 in
684 539 724 568 v.
746 538 805 581 93
835 524 975 568 frater
997 525 1095 583 ipse
1129 528 1332 582 (»tecum«
1355 542 1395 570 v.
1417 532 1490 584 94)
1524 543 1611 571 non
1635 529 1889 586 appellatus

214 590 284 635 sit,
327 590 374 624 ut
408 581 450 624 in
492 597 534 626 v.
565 596 645 638 92,
689 582 744 625 ad
787 597 923 640 quem
965 597 1150 627 versum
1277 599 1375 650 sqq.
1417 586 1568 642 potius
1608 595 1888 641 annecteres,

214 639 296 683 nisi
331 639 504 683 numeri
537 639 750 697 modique
784 640 1091 697 prohiberent.
1205 641 1276 686 ale
1307 642 1444 699 igltur
1487 643 1529 687 in
1562 659 1603 687 v.
1634 659 1693 701 94
1724 644 1891 702 legitur

216 706 416 741 »tecum<-».
478 697 597 741 Tum
632 697 674 741 in
707 714 747 742 v.
770 712 829 755 93
861 697 1085 748 Catullus,
1119 708 1167 744 ut
1199 700 1303 754 dixi,
1336 700 1570 745 fratrem
1597 702 1734 758 dolet,
1767 704 1888 760 quod

214 771 241 799 e
276 756 364 799 vita
397 770 558 799 serena
591 755 634 798 in
668 755 777 800 Orci
818 757 1042 801 tristitiam
1076 772 1255 802 mersus
1286 758 1363 803 sit:
1395 774 1500 803 num
1532 759 1634 804 huic
1666 760 1888 815 continuo,

215 813 373 857 nulla
406 813 719 858 coniunctione
750 814 951 859 adhibita
982 824 1346 873 pentameter
1376 817 1561 874 adiungi
1593 826 1764 876 potest,
1798 833 1889 876 quo

214 871 488 929 depingitur,
523 886 657 928 quam
681 872 821 916 tristis
845 872 1078 918 Catullo
1101 874 1169 927 (cf.
1193 889 1235 919 v.
1257 876 1331 932 92)
1354 875 1542 932 eiusque
1564 876 1719 920 domui
1741 877 1891 922 fratris

215 944 338 973 mors
371 929 536 973 fuerit?
597 929 755 987 Itaque
790 946 950 975 versus
981 933 1157 989 94-96
1193 932 1298 976 mihi
1330 947 1417 977 non
1450 935 1710 991 probantur.
1774 934 1891 979 Nam

214 996 318 1046 post
351 1003 391 1031 v.
414 1002 472 1044 93
504 989 862 1045 exspectandum
896 1004 1000 1034 esse
1023 990 1218 1034 arbitror
1238 999 1583 1049 pentametrum,
1613 1007 1717 1050 quo,
1750 1007 1892 1050 quare

213 1054 305 1090 tam
339 1045 587 1089 iocunda
616 1046 741 1090 fratri
763 1047 896 1091 fuerit
918 1047 1023 1101 vita,
1057 1049 1318 1106 explicetur.
1378 1048 1511 1093 Hunc
1533 1058 1682 1094 autem
1707 1065 1890 1096 versum

214 1104 257 1147 in
290 1103 412 1147 libris
445 1118 575 1147 mser.
610 1104 775 1149 iamdiu
810 1106 1032 1151 defecisse
1061 1115 1171 1165 puto
1202 1115 1339 1165 atque
1361 1107 1498 1165 igitur
1528 1122 1691 1152 versus
1713 1123 1770 1152 22
1791 1122 1890 1168 sqq,

213 1164 282 1218 (-
305 1177 406 1205 nam
426 1177 467 1206 v.
486 1177 538 1205 21
560 1171 747 1220 propter
763 1179 979 1209 numeros
996 1165 1130 1209 inseri
1149 1180 1238 1209 non
1256 1165 1400 1222 potuit
1424 1167 1490 1220 ——)
1513 1166 1570 1209 ad
1598 1165 1720 1210 illum
1742 1166 1889 1211 locum

213 1220 459 1264 translatos
491 1235 607 1264 esse.
673 1221 852 1276 Quodsi
885 1223 1083 1267 tollimus
1114 1239 1187 1267 vv.
1219 1224 1408 1281 94—96‚
1441 1223 1550 1267 illud
1588 1239 1742 1281 »quem
1774 1240 1891 1269 nunc

213 1293 332 1336 sqq.<.
365 1280 424 1333 (v.
455 1284 528 1336 97)
569 1279 738 1336 optime
779 1281 836 1323 ad
870 1281 1068 1338 logicum
1102 1281 1354 1325 subiectum
1388 1296 1602 1326 versuum
1633 1286 1789 1340 93l(4),
1833 1283 1891 1328 ad

212 1337 447 1390 »fratrem«,
470 1337 758 1381 referendum
783 1347 865 1392 est,
897 1354 998 1382 curn
1021 1355 1138 1384 nunc
1161 1354 1402 1397 perperam
1425 1343 1483 1384 ad
1506 1355 1664 1384 vocem
1688 1341 1892 1386 »amoris«

213 1397 272 1444 (v.
290 1395 364 1451 96)
381 1394 608 1452 pertinere
626 1395 847 1440 videatur.
881 1396 957 1441 Sic
975 1397 1112 1454 igitur
1127 1398 1277 1442 locum
1295 1398 1622 1442 restituendum
1641 1413 1745 1443 esse
1757 1407 1891 1458 puto:

423 1468 622 1510 »quaene
656 1454 792 1498 etiam
824 1463 981 1499 nostro
1013 1456 1152 1499 letum
1185 1455 1443 1500 miserabile
1474 1456 1599 1500 fratri

424 1511 591 1555 attulit:
626 1512 665 1555 ei
699 1512 866 1556 misero
897 1514 1037 1557 frater
1069 1514 1282 1571 adempte
1313 1513 1442 1557 mihi!

424 1570 464 1613 ei
497 1569 664 1613 misero
695 1570 820 1614 fratri
851 1571 1094 1615 iocundum
1128 1572 1278 1615 lumen
1312 1572 1588 1628 ademptum,

424 1655 479 1658 —
511 1655 566 1659 —
599 1655 653 1658 —
687 1655 741 1659 ·—
774 1655 829 1659 —-
863 1641 1038 1687 [deficiti]
1071 1656 1476 1662 —————

424 1701 559 1742 quern
592 1701 708 1729 nunc
741 1695 831 1730 tarn
865 1688 1002 1744 longe
1034 1695 1154 1739 (etc.)
1218 1724 1226 1732 .
1291 1723 1299 1731 .
1365 1723 1372 1731 .
1437 1723 1445 1731 .
1509 1708 1551 1732 .«.

215 1743 335 1787 Turn
382 1759 493 1787 vero
538 1745 704 1787 laetum
749 1745 900 1789 fratris
943 1746 1062 1790 vitae
1093 1747 1283 1790 »lumen«
1314 1747 1503 1803 pulchre
1544 1747 1584 1789 in
1619 1747 1890 1790 contrarium

215 1802 355 1846 tristis
387 1801 585 1859 sepulcri
618 1802 660 1845 in
693 1803 876 1847 deserto
909 1803 1038 1847 litore
1070 1803 1238 1847 Troiae
1270 1804 1341 1848 siti
1374 1804 1553 1860 legitur.

355 1859 439 1904 His
461 1868 636 1917 septem
661 1861 1017 1917 quaestionibus,
1051 1877 1166 1919 quas
1187 1862 1393 1919 singulas
1414 1877 1502 1905 non
1526 1871 1616 1906 tam
1637 1862 1799 1918 gravia
1825 1876 1892 1906 se-

217 1918 549 1962 cernendorum
583 1919 830 1962 carminum
854 1929 1124 1976 argumenta
1147 1935 1252 1964 esse
1274 1935 1440 1964 censeo
1472 1935 1606 1977 quarn
1631 1920 1774 1978 ipsam
1798 1935 1893 1964 ver-

214 1991 347 2020 suum
384 1991 525 2032 1—40
556 1977 940 2034 explorationem,
975 1978 1176 2022 breviter
1216 1978 1418 2022 tractatis
1459 1985 1622 2031 restat,
1665 1986 1714 2022 ut
1754 1978 1892 2022 rela-

216 2035 407 2079 tiones
440 2049 636 2092 quoque,
670 2050 788 2093 quae
820 2036 935 2080 inter
957 2052 993 2080 c.
1018 2036 1227 2080 LXVIII²¹
1248 2045 1292 2080 et
1315 2038 1332 2063 b
1361 2036 1643 2080 intercedere
1671 2035 1892 2090 dicuntur,

216 2093 510 2150 inspiciamus
541 2093 612 2144 (cf.
646 2093 925 2138 Weisium
963 2095 1074 2152 1863
1105 2110 1147 2153 p.
1176 2109 1253 2146 213
1288 2094 1551 2151 Magnum
1584 2094 1625 2138 in
1658 2093 1741 2138 »FL
1764 2093 1894 2150 J.-B.«

221 2152 333 2209 1875
364 2166 406 2209 p.
440 2151 522 2209 851
559 2160 603 2195 et
633 2152 741 2210 853;
775 2152 1201 2210 Kiesslingium
1233 2168 1275 2210 p.
1314 2154 1385 2205 16;
1425 2152 1683 2196 Riesium
1715 2167 1757 2210 p.
1784 2152 1892 2206 218;

214 2209 589 2253 Skutschium
614 2209 1164 2267 p,149;Schoellium
1189 2226 1231 2268 p.
1249 2225 1357 2268 471;
1381 2210 1701 2254 Palmerum
1723 2226 1766 2268 p.
1785 2225 1892 2268 347;

215 2267 526 2312 Weberum
561 2283 603 2325 p.
641 2283 722 2311 112
755 2278 799 2312 et
835 2274 946 2327 115).

354 2325 555 2370 Primum
588 2326 705 2370 enim
738 2327 896 2371 volunt
928 2342 1112 2371 versum
1152 2341 1231 2384 149
1262 2327 1319 2371 ad
1354 2342 1393 2371 v.
1427 2341 1482 2384 32
1514 2327 1761 2384 pertinere:

219 2398 321 2441 149:
355 2384 458 2428 »hoc
481 2385 573 2437 tibi,
598 2386 720 2442 quod
742 2386 883 2443 potui,
917 2401 1017 2429 con·
1053 2390 1056 2444 l
1091 2400 1169 2443 32:
1210 2386 1340 2429 »haec
1382 2384 1459 2429 tibi
1490 2399 1578 2428 non
1612 2385 1760 2429 tribuo
1792 2399 1893 2428 mu-

272 2442 439 2486 fectum
463 2443 662 2487 carmine
684 2458 904 2495 munus,
929 2444 1018 2488 Pro
1055 2477 1056 2489 ,
1150 2458 1307 2496 nera,
1341 2457 1442 2487 curn
1475 2457 1686 2500 nequeo«.

275 2501 427 2544 multis
461 2537 469 2545 .
506 2538 512 2545 .
550 2539 556 2545 .
590 2502 795 2546 redditur
828 2502 1017 2546 officiis«.
1055 2511 1057 2553 ξ

354 2558 449 2603 Sed
491 2559 685 2603 vidimus
727 2575 888 2604 vocem
938 2575 1209 2604 »munerum«
1252 2562 1308 2616 (v.
1340 2562 1414 2617 32)
1457 2559 1512 2602 ad
1558 2573 1759 2603 »munera
1800 2558 1892 2602 Ve-

216 2617 388 2661 neris«
421 2617 704 2662 referendam
739 2633 843 2663 esse
882 2619 952 2674 (cf.
987 2634 1028 2676 p.
1061 2621 1136 2676 43)
1148 2635 1159 2672 ;
1201 2618 1243 2662 in
1285 2634 1326 2662 v.
1364 2631 1446 2674 149
1477 2626 1627 2661 autem
1670 2617 1728 2661 de
1759 2617 1892 2669 dono,

215 2675 336 2732 quod
361 2684 538 2720 constet
556 2691 582 2720 e
607 2677 878 2731 carmine,
903 2677 1065 2721 disseri
1084 2692 1140 2721 ex
1158 2677 1268 2735 ipsis
1286 2675 1438 2720 verbis
1455 2675 1745 2732 intellegitur.
1779 2675 1891 2719 Illud

214 2734 356 2790 »quod
397 2734 541 2791 potui«
581 2743 733 2778 autem
776 2750 863 2779 non
906 2735 963 2779 ad
1006 2750 1194 2780 munera
1234 2734 1481 2792 quaedam,
1524 2748 1642 2791 quae
1684 2733 1893 2778 Catullus

217 2801 454 2849 praestare
477 2793 690 2850 nequivit,
715 2802 905 2851 spectat,
939 2794 1022 2838 sed
1045 2794 1102 2837 ad
1123 2807 1323 2851 sequens
1343 2807 1445 2850 »pro
1467 2791 1619 2835 multis
1643 2826 1651 2835 .
1671 2827 1679 2836 .
1703 2790 1893 2843 officiis«,

214 2865 333 2907 quae
366 2865 514 2908 aequo
546 2851 667 2894 dono
698 2866 750 2895 se
782 2866 1083 2909 compensare
1114 2865 1253 2910 posse
1283 2850 1490 2915 modeste
1523 2857 1658 2907 poeta
1689 2857 1867 2914 negat...

355 2908 537 2953 Nullius
569 2909 733 2953 deinde
767 2910 981 2954 momenti
1015 2918 1097 2964 est,
1131 2909 1253 2967 quod
1286 2908 1485 2953 nonnulli
1513 2908 1655 2952 verba
1685 2909 1789 2952 »hos
1823 2915 1894 2951 itis

217 2966 433 3010 officium«
476 2970 535 3021 (v.
575 2974 643 3019 12)
687 2982 788 3011 cum
835 2968 910 3011 illo
955 2971 1013 3022 (v.
1053 2975 1151 3026 150)
1194 2982 1296 3026 »pro
1327 2965 1493 3019 multiS,
1532 2965 1645 3019 Alli,
1691 2966 1772 3010 red
1807 2965 1895 3010 itur
