1942 3380
952 278 1230 319 ‚14-

269 395 520 439 laudatione
562 406 651 436 «vv.
683 392 901 447 41-160)
944 390 1114 447 gentile
1155 389 1435 443 adhibuisse,
1480 389 1644 433 minimi
1689 402 1792 433 esse
1836 388 1923 431 iam

266 466 400 509 supra
447 449 685 507 explicavi,
740 449 842 505 quia
884 449 966 492 hac
1012 447 1185 492 ratione
1232 447 1365 492 etiam
1410 447 1450 491 in
1497 447 1681 505 epilogo
1717 444 1923 490 familiari

266 525 350 555 «vv.
391 509 631 564 149-160)
662 521 934 564 praenomen
967 505 1157 560 (Manio
1198 505 1442 562 legendum
1476 519 1580 549 esse
1612 503 1922 549 concluderes.

266 567 424 623 Neque
458 566 512 616 id,
546 566 666 622 quod
699 564 919 608 nonnullis
952 564 1158 619 placebat
1190 563 1492 607 declarandae
1523 563 1751 607 nominum
1780 561 1924 605 diver·

265 625 407 668 sitatis
437 637 584 674 causa,
619 622 896 679 probandum
931 635 1033 665 esse
1066 629 1194 678 puto:
1229 621 1421 665 amicum
1443 620 1695 665 »Manlium«
1717 620 1759 664 in
1782 619 1925 664 altera

265 681 473 725 carminis
518 689 645 738 parte
691 689 779 730 (vv.
813 680 1029 734 41—160)
1075 678 1096 722 s
1104 679 1245 723 also
1276 679 1455 723 nomine
1486 678 1615 723 »Alli«
1647 678 1923 744 appellatum

264 754 379 791 esse,
413 738 515 796 quia
547 738 585 781 ei
618 737 886 781 detrimento
918 751 1021 780 esse
1053 736 1219 794 potuit,
1262 737 1442 802 publice
1484 744 1533 780 ut
1573 735 1779 780 lenocinii
1824 749 1924 779 con-

263 798 476 840 fectorem
537 795 795 852 praedicari.
878 794 1027 849 Quam
1086 802 1353 838 sententiam
1405 795 1602 838 animum
1654 794 1926 838 induxerunt

266 855 561 898 Palmerus
593 853 650 905 (in
694 853 963 896 ‹2Hermath.«
996 852 1056 895 VI
1089 867 1130 909 p.
1163 852 1266 909 346)
1307 860 1352 896 et
1382 850 1776 896 Skutschius
1807 851 1853 906 (l.
1887 865 1923 894 c.

263 918 441 962 annot),
489 911 562 967 qui
595 910 702 954 illud
733 914 1062 966 »if‘revd'cbvvuov«
1107 910 1356 954 secundum
1390 909 1618 961 Bentlei
1660 910 1811 966 legem
1854 908 1926 952 fic-

264 980 355 1012 tum
389 984 491 1012 esse
523 968 662 1011 videri
696 968 877 1011 monuit.
939 967 1035 1012 Sed
1072 967 1216 1011 tribus
1247 969 1305 1011 de
1336 968 1485 1012 causis
1516 967 1637 1012 illam
1669 967 1923 1026 opinionem

266 1027 473 1091 repudio:
507 1026 696 1083 primum
729 1026 887 1069 mirum
920 1040 1025 1069 esse
1058 1025 1236 1069 videtur
1268 1025 1513 1082 Catullum,
1545 1034 1593 1070 ut
1625 1040 1788 1070 nomen
1819 1039 1925 1081 gen-

263 1084 443 1127 tilicium
477 1083 725 1127 Romanum
759 1084 1023 1136 occultaret,
1072 1083 1190 1127 aliud
1239 1098 1401 1128 nornen
1443 1083 1720 1140 gentilicium
1763 1083 1926 1127 Roma-

263 1157 365 1185 num
399 1142 658 1199 scripsisse;
700 1141 863 1184 deinde
895 1156 982 1184 non
1015 1142 1253 1197 intellego,
1302 1142 1531 1198 quomodo
1563 1150 1698 1199 poeta
1730 1140 1927 1199 potuerit

263 1201 412 1243 dicere
444 1204 532 1250 (vv.
555 1213 661 1255 49—
670 1214 727 1256 50
758 1208 802 1242 et
838 1202 936 1263 151‘)
967 1214 1018 1243 se
1049 1199 1178 1243 amici
1211 1214 1373 1243 nomen
1405 1200 1462 1243 ab
1494 1199 1672 1244 araneis
1703 1199 1927 1256 robigine-

262 1272 350 1314 que
381 1257 667 1300 defensurum
701 1271 816 1309 esse,
850 1272 886 1300 Sl
919 1257 960 1300 in
994 1257 1079 1301 hoc
1111 1257 1210 1315 ipso
1242 1265 1465 1315 poemate,
1531 1273 1590 1301 uo
1611 1257 1720 1301 illud
1744 1256 1926 1301 efficere

264 1315 456 1364 volebat,
487 1314 634 1358 fictam
668 1315 796 1358 amici
829 1315 1177 1372 appellationem
1210 1315 1457 1372 usurpavit.
1546 1315 1706 1359 ertium
1728 1314 1926 1372 denique

262 1373 453 1415 arbitror
474 1372 597 1416 Allio
629 1373 978 1429 haudquaquam
1005 1382 1191 1430 propter
1213 1373 1421 1416 carminis
1443 1372 1635 1417 LXVIII
1657 1380 1927 1430 argumenta

263 1431 542 1474 incommoda
575 1430 781 1474 accidere
813 1430 1027 1488 potuisse,
1061 1431 1182 1487 quod
1214 1445 1378 1474 nomen
1401 1431 1639 1483 Alliorum,
1671 1439 1720 1474 ut
1746 1431 1927 1474 demon-

262 1488 398 1531 stravi
432 1488 473 1540 (i.
507 1502 581 1545 pg.
621 1491 711 1545 13⁴),
753 1489 966 1544 frequens
1006 1497 1128 1540 erat,
1176 1497 1313 1545 atque
1353 1496 1523 1532 certum
1598 1503 1843 1532 raenomen
1884 1488 1926 1531 in

261 1545 456 1589 carmine
498 1561 583 1589 non
631 1545 922 1590 indicabatur.
990 1546 1206 1599 Accedit,
1255 1546 1376 1603 quod
1425 1546 1498 1590 illa
1592 1546 1794 1590 almeri
1841 1554 1924 1590 etc.

261 1603 479 1647 sententia
522 1619 694 1647 »unum«
741 1619 777 1647 c.
811 1603 1000 1647 LXVIII
1048 1604 1089 1647 in
1131 1605 1245 1647 duas
1288 1612 1442 1661 partes
1481 1604 1746 1648 dissecatur.
1809 1604 1926 1648 Nam

261 1676 333 1703 vv.
381 1676 535 1717 1—40,
584 1661 658 1718 qui
701 1676 858 1705 verum
905 1662 1133 1706 continere
1180 1676 1344 1705 nomen
1390 1662 1620 1716 dicuntur,
1669 1671 1792 1707 certe
1838 1677 1927 1706 non

262 1719 557 1776 publicandos
596 1719 734 1763 fuisse
781 1720 963 1772 credas,
1013 1735 1085 1763 vv.
1117 1721 1321 1775 41-160
1360 1728 1511 1764 autem
1543 1728 1731 1778 propter
1762 1735 1926 1764 nomen

260 1777 523 1820 subditum«
556 1777 813 1832 vulgandos
844 1777 983 1820 fuisse
1016 1777 1298 1821 manifestum
1332 1786 1411 1821 est.
1474 1777 1569 1822 Sed
1601 1793 1658 1822 ex
1691 1778 1776 1830 eis,
1809 1793 1927 1835 quae

262 1834 304 1877 in
350 1834 438 1878 fine
479 1835 611 1879 huius
651 1835 981 1878 dissertationis
1021 1835 1260 1893 explicabo
1303 1836 1391 1887 (vd.
1427 1835 1541 1894 Cap.
1576 1836 1687 1891 Vll),
1733 1836 1928 1880 elucebit

262 1892 319 1935 ad
352 1907 391 1936 v.
430 1907 510 1950 150
541 1892 581 1945 (i.
616 1908 654 1936 e.
687 1892 743 1936 ad
777 1907 849 1936 vv.
887 1894 1128 1949 149—160)
1171 1908 1334 1937 nomen
1374 1893 1525 1938 fictum
1561 1894 1740 1939 minime
1772 1903 1925 1952 aptum

262 1965 378 1994 esse.
419 1977 466 1982 —

657 2264 734 2317 H.
774 2265 854 2318 De
890 2265 1054 2318 Malli
1092 2279 1229 2319 casu
1266 2265 1526 2319 adverso.

379 2351 495 2416 Cum
528 2353 673 2410 ipsum
707 2355 916 2399 carminis
938 2355 1106 2400 initium
1131 2356 1338 2412 legimus,
1374 2355 1540 2400 Catulli
1564 2355 1756 2400 amicum
1778 2356 1928 2413 aliqua

262 2410 598 2454 calamitate
638 2412 849 2456 afflictum
889 2428 993 2457 esse
1024 2414 1342 2470 intellegimus.
1405 2414 1526 2470 Quia
1558 2422 1709 2458 autem
1740 2429 1796 2458 ea
1828 2428 1927 2458 nus-

263 2482 395 2524 quam
439 2468 584 2511 lucide
625 2471 910 2526 pronuntiata
958 2480 1048 2524 est,
1097 2473 1154 2515 ab
1185 2471 1381 2529 antiquis
1413 2472 1696 2530 temporibus
1728 2472 1927 2516 virorum

262 2525 495 2568 doctorum
528 2526 904 2583 disputationibus
938 2531 1099 2574 crebro
1130 2530 1413 2574 versabatur.

403 2582 432 2626 Ι.
467 2583 620 2640 Atque
643 2585 718 2628 diu
741 2596 1132 2640 commentatores,
1157 2602 1258 2631 cum
1280 2587 1323 2631 in
1346 2602 1420 2632 vv.
1442 2602 1565 2644 1-4,
1589 2587 1665 2645 qui
1683 2587 1929 2645 praecipue

262 2640 319 2682 ad
342 2640 463 2683 illum
488 2656 639 2685 casum
664 2644 899 2699 pertinent,
923 2653 1095 2689 certum
1151 2645 1363 2703 uidquam
1386 2645 1591 2690 invenire
1613 2660 1702 2689 non
1723 2653 1926 2710 possent,

262 2713 287 2740 e
319 2712 533 2762 versuum
576 2701 653 2757 5l6
699 2702 850 2745 verbis
895 2712 1068 2747 »sancta
1145 2718 1275 2748 enus«
1323 2711 1368 2747 et
1406 2702 1673 2747 »Desertum
1721 2718 1764 2747 in
1810 2703 1928 2748 lecto

261 2756 449 2799 caelibe«
491 2771 542 2800 se
584 2772 740 2801 verum
783 2759 1077 2816 indagaturos
1119 2776 1224 2805 esse
1256 2762 1516 2819 sperabant.
1579 2761 1685 2816 Qua
1716 2775 1767 2805 re
1799 2761 1930 2806 effec-

261 2821 354 2856 tum
386 2822 475 2866 est,
508 2823 564 2878 ‘ut
597 2814 718 2859 Malli
751 2816 952 2861 dolorem
986 2819 1041 2862 ad
1075 2818 1242 2863 amoris
1274 2833 1408 2863 casus
1439 2819 1663 2863 adversos
1695 2818 1928 2864 referrent.

260 2869 355 2914 Sed
383 2886 517 2936 pauci
550 2887 720 2926 eorum,
753 2875 827 2931 qui
860 2876 973 2919 lianc
1002 2878 1292 2921 sectabantur
1313 2876 1547 2930 rationem,
1581 2876 1623 2920 in
1645 2876 1720 2920 illo
1742 2877 1926 2922 invento

261 2930 611 2986 acquiescebant
633 2936 699 2982 (ut
721 2930 1006 2990 Hauptius;
1029 2934 1081 2979 cf.
1108 2934 1334 2992 Belger.
1357 2950 1399 2993 p.
1422 2949 1530 2992 247:
1562 2933 1928 2991 »Missgeschick,
