1942 3380
925 252 1211 292 —62-

225 387 372 439 etiam,
407 387 527 443 quod
561 401 643 444 per
673 401 724 430 se
757 387 1019 431 incredibile
1052 401 1157 431 esse
1190 388 1368 434 videtur
1390 390 1590 434 Mallium
1615 405 1772 435 rursus
1794 393 1898 437 ami-

224 459 325 489 cum
359 453 448 488 tam
483 445 744 488 dolorosum
787 445 954 503 optatis
995 446 1262 499 vexavisse‚
1306 449 1572 505 praesertim
1614 463 1737 503 cum,
1779 450 1899 507 quod

223 502 459 546 Riesius
498 518 522 546 e
564 519 604 547 v.
644 517 724 560 155
756 503 1033 554 enucleavit,
1077 518 1258 549 amores
1298 505 1340 549 in
1382 514 1561 564 tempus
1601 506 1794 552 amissos
1832 522 1898 553 re·

224 561 549 618 cuperavisset.
614 560 736 615 Quid
775 562 891 604 enim
932 561 1039 604 felix
1083 561 1155 606 ille
1197 563 1332 607 homo
1373 572 1465 608 tum
1503 564 1784 609 »muneribus
1814 564 1900 610 Ve-
1936 562 1942 571 “

222 619 362 662 τῶι-ἰῶ,
394 634 419 662 a
444 618 626 663 Catullo
649 619 936 676 praestandis
968 619 1202 676 indigebat
1242 621 1310 673 (cf.
1333 621 1594 679 Magnum
1628 622 1670 666 in
1698 621 1899 678 »J.-Ber.«

227 676 396 735 1887s11
428 692 469 734 p.
508 691 588 735 145
621 677 771 734 sqq.)‘?

362 751 560 796 Maxime
600 753 797 796 absurda
830 761 981 796 autem
1015 751 1247 798 Weberi
1289 756 1403 799 ratio
1441 756 1546 800 mihi
1587 770 1690 800 esse
1722 756 1901 801 videtur

221 810 315 864 (>›Q.
354 809 413 854 Cf
467 826 508 868 p.
541 811 774 867 98-—127).
839 810 924 854 Hic
958 810 1075 854 enim
1113 811 1342 856 Catullum
1383 815 1570 871 putabat
1611 814 1741 858 amici
1776 814 1899 860 Malli

220 867 393 911 litteras
415 868 648 925 accepisse
681 870 740 923 (v.
763 883 810 912 2:
844 868 1020 912 »mittis«
1042 878 1087 913 et
1112 885 1148 914 v.
1172 885 1249 927 27:
1281 871 1509 927 »scribis«)‚
1533 872 1697 928 quibus
1719 872 1899 930 »episto-

221 926 346 968 lium«
389 926 479 969 Alli
514 926 747 970 cuiusdam
789 942 998 970 »munera
1037 936 1082 971 et
1113 927 1345 972 Musarum
1377 938 1424 974 et
1456 930 1665 974 Veneris«
1706 931 1900 988 petentis

220 984 551 1028 adiunctum
586 993 721 1028 esset.
786 985 833 1028 In
857 1000 893 1028 c.
918 985 1110 1029 LXVIII
1134 987 1296 1031 deinde
1319 996 1499 1044 poetam
1524 989 1746 1032 ambobus
1767 988 1899 1032 simul

219 1042 530 1100 respondisse.
594 1043 728 1098 Quae
760 1043 912 1100 opinio
945 1043 1045 1101 ipso
1078 1044 1223 1101 primo
1255 1046 1466 1089 carminis
1498 1061 1633 1090 versu
1667 1046 1898 1092 refutatur.

221 1099 339 1143 Nam
374 1101 448 1157 qui
482 1100 717 1145 Mallius
748 1102 945 1145 »fortuna
978 1117 1180 1159 casuque
1212 1118 1481 1161 oppressus«
1523 1118 1627 1147 esse
1666 1113 1816 1162 potest
1846 1119 1899 1149 ac

217 1173 302 1216 per
334 1158 544 1202 lacrimas
576 1159 815 1216 epistolam
849 1160 1111 1217 scripsisse,
1154 1161 1190 1204 si
1232 1162 1347 1205 alius
1379 1162 1562 1219 quidam
1595 1162 1730 1205 homo
1761 1163 1899 1207 rebus

218 1217 427 1260 adversis
452 1217 737 1261 vexabatur?
770 1217 919 1262 Versu
957 1232 976 1261 1
1011 1226 1163 1262 autem
1197 1233 1318 1276 vage
1351 1219 1550 1264 Mallium
1574 1220 1742 1264 »subito
1768 1220 1898 1265 afflic-

218 1282 332 1318 tum«
354 1275 540 1333 depingi
563 1275 806 1332 (Weber.
830 1291 872 1333 p.
901 1280 999 1334 105)
1023 1291 1158 1333 nego.
1222 1277 1387 1334 Neque
1410 1278 1640 1334 intellego,
1670 1279 1900 1335 quomodo

218 1333 348 1376 amici
380 1332 556 1377 illarum
590 1333 839 1378 litterarum
874 1343 1148 1391 argumenta
1181 1335 1296 1379 inter
1329 1351 1379 1380 se
1423 1336 1627 1380 dividere
1658 1336 1898 1394 potuerint,

218 1406 319 1434 cum
355 1390 564 1436 Catullus
598 1392 734 1436 modo
766 1408 902 1436 unum
937 1393 1074 1436 modo
1106 1394 1296 1437 alterum
1329 1395 1466 1438 modo
1497 1395 1632 1438 ambo
1663 1394 1795 1438 simul
1828 1395 1896 1451 (cf.

217 1464 259 1492 v,
288 1463 390 1507 151:
424 1454 684 1505 ³>vestrum«)
717 1451 938 1494 allocutus
971 1451 1040 1496 sit.

275 1570 279 1576 ,
358 1525 425 1569 ΕΟ
467 1534 617 1570 autem
660 1525 782 1583 ipso,
826 1527 948 1584 quod
993 1534 1085 1570 tam
1127 1527 1369 1570 artificiosa
1411 1528 1645 1585 proposita
1684 1536 1808 1580 sunt,
1851 1537 1900 1572 ut

217 1592 488 1640 argumenta
532 1584 714 1642 quidem
760 1585 1010 1628 carminum
1055 1584 1347 1628 cohaerentia
1398 1599 1502 1629 esse
1549 1586 1898 1639 demonstretur,

215 1642 411 1685 duorum
445 1650 705 1700 poematum
739 1643 933 1687 secretio
965 1643 1134 1700 optime
1166 1643 1435 1687 defenditur.

358 1711 685 1766 Quaerendum
715 1712 911 1769 denique
934 1721 1016 1766 est,
1051 1728 1156 1756 num
1180 1728 1253 1756 vv.
1276 1714 1480 1770 41-160
1511 1713 1595 1771 ipsi
1627 1729 1764 1758 unum
1797 1729 1898 1759 con·

217 1769 456 1827 tinensque
478 1778 643 1828 poema
665 1770 752 1813 sint
775 1770 1035 1826 (LXV111b›.
1085 1769 1135 1814 Si
1158 1786 1268 1814 vero
1292 1772 1431 1815 totius
1453 1771 1664 1816 carminis
1686 1771 1899 1816 LXVIIIb
1937 1785 1942 1790 ·

217 1828 592 1885 compositionem
627 1829 1004 1886 contemplamur,
1039 1843 1139 1872 eam
1172 1843 1259 1872 non
1294 1829 1441 1872 minus
1473 1830 1730 1874 claudicare
1761 1845 1896 1888 quam

217 1885 355 1929 totius
402 1886 612 1930 carminis
659 1886 852 1930 LXVIII
899 1887 1029 1930 fateri
1077 1887 1312 1931 debemus.
1390 1887 1507 1930 Nam
1555 1897 1755 1945 partem,
1808 1904 1898 1947 qua

215 1943 365 1987 Allius
398 1959 422 1987 a
457 1944 638 1988 Catullo
680 1945 959 1988 sollemniter
1000 1945 1309 2002 praedicatur,
1353 1946 1580 2002 appendix
1621 1949 1713 2002 (vv.
1757 1961 1897 2004 149—

220 2003 319 2055 160)
351 2002 556 2060 sequitur
587 2004 865 2060 privatarum
899 2018 1052 2047 rerum
1084 2018 1186 2048 cum
1218 2003 1363 2047 amico
1404 2003 1834 2049 communicatarum
1850 2007 1896 2062 ¹),

216 2075 350 2117 quam
415 2061 677 2105 concinnam
768 2061 1107 2105 raecedentium
1161 2061 1354 2119 partium
1407 2062 1741 2106 conclusionem
1794 2078 1898 2108 esse

216 2133 350 2162 nemo
383 2119 546 2163 dixerit
579 2120 649 2176 (cf.
760 2119 962 2163 eisium
1000 2120 1111 2177 1863
1131 2135 1173 2177 p.
1197 2121 1285 2175 21).
1325 2119 1567 2164 Praeterea
1589 2121 1632 2164 in
1655 2137 1695 2165 v.
1724 2125 1896 2179 149l5o,

216 2203 270 2208 —
313 2176 409 2221 sive
455 2178 685 2236 proprium
728 2193 894 2222 nomen
936 2178 1104 2222 ibidem
1148 2178 1267 2236 legis
1309 2178 1407 2222 sive
1450 2193 1610 2222 vocem
1654 2179 1789 2223 »aliis«
1826 2206 1896 2233 -,

215 2236 402 2279 alterius
450 2236 732 2280 allocutio
785 2236 956 2294 incipit,
1010 2251 1111 2280 cum
1163 2236 1204 2280 in
1258 2251 1331 2280 vv.
1379 2237 1584 2294 41-148
1628 2237 1784 2294 utique
1829 2237 1897 2282 de

214 2293 360 2338 amico
404 2303 635 2338 narratum
677 2294 746 2338 sit.
819 2294 966 2338 Etiam
1009 2295 1051 2338 in
1095 2310 1169 2339 vv.
1218 2309 1442 2352 149—151
1495 2295 1719 2339 sententia
1759 2304 1896 2354 atque

215 2367 536 2410 nonnunquam
570 2354 711 2396 verba
743 2367 959 2397 versuum
991 2367 1165 2410 41—50
1197 2352 1358 2396 iterata
1390 2366 1494 2396 esse
1526 2352 1748 2397 videntur.

357 2421 515 2479 Itaque
548 2422 785 2467 Riesius
818 2426 876 2481 (p.
910 2428 1012 2481 219)
1045 2438 1120 2466 vv.
1158 2423 1387 2479 149—-160
1419 2437 1643 2466 carmen
1676 2423 1897 2467 absolu-

216 2487 326 2522 tum
352 2494 455 2524 esse
477 2481 726 2539 proposuit,
783 2482 873 2525 uod
896 2489 993 2525 arte
1016 2495 1118 2524 cum
1141 2480 1424 2537 argumentis
1447 2495 1661 2524 versuum
1693 2481 1899 2539 41—148

216 2538 502 2582 coniunctum
546 2547 683 2583 esset.
791 2554 863 2583 am
907 2539 1172 2583 manifestae
1212 2538 1458 2583 relationes
1499 2538 1614 2582 inter
1654 2547 1897 2597 utrumque

214 2604 379 2654 poema
411 2596 719 2642 inveniuntur:
753 2599 894 2641 verba
926 2598 1031 2642 »hoc
1057 2634 1063 2641 .
1090 2633 1097 2641 .
1124 2611 1305 2641 munus«
1335 2601 1394 2649 (v.
1433 2598 1531 2654 149)
1564 2597 1621 2640 ad
1643 2606 1783 2642 totam
1806 2598 1896 2641 lau·

215 2653 442 2698 dationem
467 2656 818 2713 praecedentem
841 2663 1062 2713 spectant,
1096 2670 1198 2713 »pro
1229 2654 1382 2699 multis
1404 2688 1413 2696 .
1439 2691 1446 2698 .
1473 2690 1481 2699 .
1504 2654 1682 2700 officiis«
1713 2658 1772 2711 (v.
1798 2656 1895 2713 150)

215 2713 271 2755 ad
307 2727 488 2756 versum
521 2728 598 2770 42:
643 2714 840 2771 *quantis
866 2749 873 2757 .
899 2749 906 2758 .
931 2714 1122 2766 officiis«,
1166 2722 1229 2757 »et
1273 2713 1437 2757 domus
1478 2713 1599 2770 ipsa,
1646 2714 1687 2758 in
1729 2728 1819 2771 qua
1850 2747 1859 2756 .
1885 2747 1894 2756 .

361 2853 385 2897 ¹)
412 2854 522 2890 Hanc
554 2855 602 2890 ad
637 2866 719 2890 rem
747 2855 1007 2890 Fennerus
1039 2865 1074 2900 p.
1109 2866 1172 2899 29:
1211 2866 1268 2890 »v.
1297 2856 1480 2900 149—160
1511 2859 1640 2890 autem
1675 2852 1894 2899 epistolium

213 2906 275 2936 est
300 2901 346 2936 ad
374 2912 530 2937 carmen
558 2901 796 2947 adscriptum
832 2902 889 2944 (Ρ),
928 2913 1005 2947 quo
1040 2901 1179 2936 iterum
1205 2901 1352 2947 gratias
1366 2906 1506 2954 ’poeta’
1529 2900 1653 2936 amieo
1678 2900 1792 2946 agit«.
1842 2900 1894 2935 Id.

215 2959 250 2993 p.
277 2949 341 2992 48:
372 2947 560 2994 »denique
585 2948 635 2983 ad
663 2947 819 2992 Allium,
846 2948 894 2983 ad
921 2959 1036 2993 quem
1063 2947 1153 2983 data
1178 2954 1249 2990 est,
1276 2948 1401 2993 elegia
1426 2948 1559 2983 redit«.
