1942 3380
76 378 150 423 ino
172 376 464 422 defecissent.
510 376 686 422 Contra
718 378 804 422 Mu
819 393 847 422 n
862 393 924 423 ro
947 382 1008 438 (p.
1035 381 1118 438 167
1140 390 1274 438 sqq),
1299 381 1359 426 M.
1382 379 1456 426 Sc
1472 382 1749 427 hmidtius

44 437 106 493 (in
125 436 303 482 »Fleck.
326 435 460 493 J.-B.«
486 437 600 481 1880
621 452 665 495 p.
690 437 806 495 782),
840 436 1079 483 Riesius
1112 440 1173 497 (p.
1196 441 1315 497 220),
1351 440 1749 487 Baehrensius

33 496 107 550 (in
153 510 319 541 comm.
367 495 426 540 ad
468 511 544 540 vv.
585 497 696 554 7s8),
752 495 1043 542 Weberus
1090 499 1151 556 (p.
1199 503 1348 556 1o5l7)
1397 498 1748 546 Hoerschel-

44 570 283 601 mannus
326 562 385 614 (p.
419 555 537 614 7l8),
586 555 644 599 H.
679 554 944 600 Monsius
986 558 1047 615 (p.
1085 560 1156 614 14)
1189 560 1443 602 censebant
1474 558 1577 603 illos
1610 560 1748 618 scrip·

44 623 187 670 tores,
230 614 402 674 quippe
435 614 513 672 qui
545 623 731 659 veteres
764 624 935 670 essent,
978 631 1006 660 a
1037 615 1164 660 Malli
1196 625 1336 674 gustu
1372 617 1414 661 in
1448 625 1631 676 tempus
1663 621 1747 663 ab·

43 673 368 719 horruisse.
414 673 520 730 Qua
549 673 777 718 sententia
809 690 902 718 vox
933 683 1183 719 »veterum«
1215 676 1464 734 praecipue
1495 678 1748 735 premenda

45 742 129 779 est.
193 732 244 778 Si
277 741 432 778 autem
466 733 588 777 illam
621 733 908 792 opinionem:
942 734 1101 779 Mallio
1133 743 1338 779 »veteres
1370 736 1642 794 scriptores«
1673 737 1747 781 de-

42 791 207 846 fuisse,
252 792 640 851 contemplamur,
688 793 776 837 hae
808 802 1054 838 moventur
1086 793 1419 839 dubitationes:
1462 810 1544 839 cur
1577 794 1747 840 Catulli

44 852 231 907 amicus,
265 851 304 897 si
325 852 566 897 veteribus
587 852 806 910 operibus
829 853 1031 907 carebat,
1065 868 1289 897 novorum
1314 853 1494 898 libellos
1517 855 1575 898 ad
1599 870 1747 899 recre-

14 911 212 956 ,andum
242 911 454 956 ‘animum
502 926 592 955 non
637 911 877 955 adhibuit?
938 911 1015 955 An
1063 927 1223 956 eorum
1267 927 1452 971 quoque
1495 914 1665 972 scripta
1707 914 1748 958 ei

11 1007 13 1009 .
43 971 318 1016 defuerunt?
363 970 457 1027 Qui
490 979 657 1024 autem,
691 970 730 1014 si
763 971 881 1014 hanc
914 971 1151 1028 sequimur
1181 971 1421 1026 rationem,
1455 971 1554 1017 fieri
1586 973 1745 1031 potuit,

42 1038 92 1075 ut
133 1030 319 1075 Mallius
365 1030 601 1075 Catullum
646 1037 894 1074 »veterum«
939 1030 1213 1089 scriptorum
1259 1046 1403 1090 opera
1448 1046 1500 1076 se
1548 1031 1749 1076 deficere

43 1089 288 1135 certiorem
310 1090 486 1134 faceret
507 1089 814 1134 recentiorum
837 1104 1029 1147 operum
1053 1090 1251 1148 inopiam
1284 1091 1558 1148 neglegens,
1591 1106 1747 1149 quam-

42 1164 179 1208 quam
206 1148 420 1194 Catullus
452 1149 554 1207 ipse
586 1148 802 1207 princeps
835 1157 934 1192 erat
955 1156 1064 1193 »τῶν
1085 1149 1371 1207 νεωτέρων<<ἲ
1411 1149 1577 1208 Neque
1600 1150 1750 1208 magis

42 1208 237 1266 cogitari
277 1217 433 1268 potest
465 1207 671 1252 Mallium
712 1207 1020 1252 recentiorum
1067 1208 1239 1266 scripta
1282 1208 1563 1253 fastidivisse
1609 1217 1748 1268 atque

41 1267 85 1312 id
119 1283 223 1312 cum
254 1276 395 1326 poeta
428 1266 856 1312 communicavisse.
907 1266 1197 1312 Offendisset
1228 1268 1350 1312 enim
1383 1268 1461 1312 tali
1494 1269 1749 1313 rusticitate

0 1347 3 1387 f
43 1325 213 1372 Catulli
260 1327 495 1385 ingenium
543 1341 695 1384 neque
743 1326 934 1370 meritus
981 1335 1128 1380 esset,
1178 1335 1227 1370 ut
1268 1335 1406 1385 poeta
1447 1327 1746 1382 Veronensis,

0 1394 2 1397 “
42 1386 256 1445 quamvis
304 1388 509 1444 lugeret,
559 1385 760 1443 benigne
805 1400 888 1444 per
935 1400 1100 1430 versus
1132 1386 1438 1444 responderet
1469 1387 1541 1443 (cf.
1576 1386 1744 1431 Hoer-

41 1446 401 1491 schelmann.
443 1461 487 1504 p.
522 1445 627 1503 7l8).
691 1444 794 1488 Hae
828 1459 997 1489 causae
1030 1459 1146 1502 ergo
1178 1445 1318 1503 priori
1350 1445 1550 1504 opinioni
1582 1460 1748 1505 repug-

42 1514 164 1550 nant.
209 1504 292 1550 Sin
324 1514 480 1550 autem
513 1505 706 1549 alteram
739 1503 1019 1562 inspicimus,
1053 1504 1193 1561 longe
1225 1505 1509 1563 probabilior
1542 1505 1617 1549 illa
1640 1520 1750 1550 esse

42 1563 236 1609 videtur.
279 1564 487 1609 Mallium
520 1563 639 1608 enim
674 1572 859 1607 veteres
892 1563 1143 1621 scriptores
1175 1578 1266 1608 non
1299 1564 1604 1618 oblectabant,
1639 1564 1747 1622 quia

41 1623 222 1668 illorum
267 1623 434 1668 detrita
475 1631 523 1667 et
563 1622 775 1667 obsoleta
817 1622 988 1680 scripta
1021 1622 1062 1666 ei
1094 1622 1138 1666 in
1171 1638 1397 1681 praesens
1429 1623 1745 1682 displicebant.

41 1682 162 1727 Nam
195 1683 273 1741 qui
306 1698 332 1727 e
366 1683 529 1727 morbo
550 1681 685 1739 gravi
709 1682 915 1740 corporis
938 1690 1015 1725 aut
1038 1681 1173 1725 animi
1194 1683 1592 1736 reconvalescunt,
1626 1682 1748 1727 fasti-

41 1743 174 1788 dioso
212 1751 258 1787 et
299 1742 531 1787 obstinato
572 1749 762 1798 gustatu
805 1749 933 1794 sunt,
982 1749 1031 1784 ut
1076 1741 1216 1785 modo
1263 1743 1377 1786 haec
1418 1756 1599 1786 summo
1645 1756 1748 1785 cum

41 1801 196 1847 taedio
228 1801 493 1860 repudient,
543 1800 682 1844 modo
714 1800 791 1844 illa
823 1799 1001 1844 ardenti
1033 1800 1186 1844 studio
1219 1810 1417 1859 captent.
1480 1801 1639 1859 Atque
1672 1801 1748 1844 mi-

41 1860 162 1906 nime
184 1861 365 1906 mireris
387 1860 609 1914 Mallium,
645 1858 814 1904 Catulli
848 1858 1133 1913 familiarem,
1166 1874 1279 1904 suae
1311 1860 1474 1904 aetatis
1507 1868 1748 1919 poetarum

41 1919 228 1978 ingenio
259 1920 522 1965 indulsisse.

186 1979 306 2025 Cum
354 1980 495 2038 igitur
541 1980 628 2022 hac
675 1977 903 2022 sententia
951 1977 1103 2022 omnia
1155 1979 1397 2023 commode
1452 1978 1747 2031 illustrentur,

41 2054 132 2083 non
172 2040 261 2084 iarn
309 2039 507 2083 dubitari
555 2046 732 2097 potest,
782 2046 884 2081 utra
923 2051 1064 2081 causa
1103 2038 1393 2082 verisimilior
1424 2038 1494 2082 sit.
1561 2037 1748 2082 Censeo

41 2113 158 2156 ergo
189 2106 419 2143 »veterum
461 2098 759 2156 scriptorum«
798 2111 941 2155 opera
974 2096 1101 2140 Malli
1133 2096 1334 2141 animum
1367 2097 1471 2142 ideo
1504 2113 1593 2141 non
1627 2097 1748 2142 exhi-

41 2157 281 2212 laravisse,
316 2158 467 2215 quod
500 2157 663 2202 illum
698 2164 808 2201 tarn
842 2155 1220 2213 antiquorum
1255 2157 1547 2201 taedebat.

540 2451 638 2504 lv.
677 2451 761 2503 De
799 2462 976 2503 versu
1014 2449 1260 2504 decimo,

183 2567 334 2612 Huius
366 2582 534 2612 versus
566 2567 830 2626 explanatio
863 2566 1048 2611 maximi
1081 2575 1153 2611 est
1186 2565 1416 2619 momenti,
1451 2565 1622 2623 quippe
1657 2579 1747 2622 qua

41 2642 131 2672 non
179 2628 317 2671 modo
359 2635 455 2671 tota
498 2626 596 2671 fere
641 2641 859 2671 versuum
897 2641 1039 2683 1——40
1071 2624 1388 2684 interpretatio
1420 2632 1621 2677 constet,
1662 2624 1745 2668 sed

41 2686 179 2732 etiam
226 2686 451 2740 rationes,
500 2701 620 2744 quae
666 2686 784 2730 inter
824 2701 898 2730 vv.
947 2699 1089 2742 1—40
1132 2693 1174 2729 et
1220 2684 1428 2741 41—160
1459 2683 1747 2727 intercedere

42 2745 265 2801 dicuntur,
300 2746 545 2790 maximam
578 2754 756 2804 partem
792 2744 1104 2790 exordiantur.

184 2804 458 2862 Rogaverat
490 2804 632 2862 igitur
666 2803 900 2849 Catullum
935 2803 1131 2857 Mallius,
1175 2810 1224 2846 ut
1255 2802 1340 2846 sibi
1374 2817 1436 2846 »m
1455 2817 1484 2845 u
1503 2816 1530 2845 n
1549 2816 1656 2845 era
1689 2814 1747 2845 et

41 2863 89 2907 M
104 2879 336 2910 usarum
360 2872 416 2908 et
437 2864 706 2909 Veneris«
729 2864 987 2922 praeberet.
1033 2862 1170 2918 Quae
1192 2862 1336 2906 verba
1360 2868 1746 2906 commentatores

42 2937 133 2968 non
166 2938 258 2968 uno
290 2924 430 2968 modo
465 2923 750 2981 interpretati
783 2931 900 2967 sunt.
947 2922 1106 2979 Itaque
1139 2936 1224 2965 nos
1257 2936 1312 2964 ea
1344 2919 1550 2965 contueri
1577 2928 1622 2963 et
1645 2934 1745 2963 con-

43 2982 252 3027 siderare
275 2997 469 3028 necesse
493 2992 578 3027 est.
632 2982 789 3041 Atque
814 2980 1010 3040 primum
1034 2980 1218 3039 quidem
1242 2980 1280 3023 si
1304 2978 1592 3038 requirimus,
1628 2992 1746 3035 quae
