1942 3380
888 269 1173 326 ..58-

199 395 509 452 interpretatio
542 410 629 439 non
663 404 813 453 potest
846 396 1031 449 admitti,
1065 396 1268 454 cogitare
1298 397 1492 443 fortasse
1532 399 1636 443 licet
1668 399 1869 445 Mallium

198 453 238 497 in
272 463 452 510 tempus
494 462 642 497 amata
682 453 884 497 caruisse
917 454 990 498 vel
1031 454 1239 499 satietate
1278 455 1375 500 eius
1415 465 1596 514 captum
1640 471 1756 502 esse.
1819 458 1869 503 Id

197 526 306 555 vero
347 511 500 567 utique
539 511 697 555 mirum
741 526 844 555 esse
883 511 1079 565 videtur,
1122 513 1243 569 quod
1278 512 1486 559 Catullus
1528 514 1569 558 in
1610 531 1650 559 V.
1689 529 1768 574 155
1799 530 1867 573 sq.

196 584 252 612 ne
284 568 516 613 minimum
550 569 730 626 quidem
764 570 821 613 de
853 570 1170 627 praesentibus
1209 572 1545 617 condicionibus
1587 573 1716 618 malis
1756 573 1871 618 inter

197 627 389 671 amicum
423 627 612 684 eiusque
646 628 841 685 puellam
875 628 1162 672 adumbravit
1192 629 1262 684 (cf.
1296 630 1579 676 Harneck.
1613 646 1655 689 p.
1687 635 1753 688 4),
1786 632 1868 676 sed

196 685 259 728 ita
288 685 344 728 de
378 686 460 728 hac
492 701 542 729 re
575 686 806 738 disseruit,
851 694 900 729 ut
943 686 1205 744 simpliciter
1247 687 1305 731 nil
1350 688 1470 733 aliud
1514 689 1617 733 inde
1650 689 1870 746 colligere

197 743 347 800 possis
399 758 532 799 quam
580 743 734 787 Mallio
781 753 875 787 tum
922 759 1149 789 summurn
1197 760 1297 790 cum
1343 756 1491 791 amata
1538 762 1666 791 usum
1715 747 1867 792 fuisse.

196 800 333 855 Quod
378 801 704 858 Kiesslingi
752 805 808 859 (p.
859 812 926 858 14)
975 812 1253 847 commento:
1307 803 1535 849 Catullum
1583 805 1668 849 illis
1716 805 1870 850 verbis

197 860 368 902 urbane
401 860 645 902 amantium
669 868 761 903 tum
785 859 1131 904 dissociatorum
1155 862 1563 908 reconciliationem
1588 863 1869 922 praesagire,

198 917 417 960 declarari
451 932 538 960 non
572 932 708 974 posse
741 918 1027 962 manifestum
1060 927 1143 963 est.
1206 920 1366 978 Neque
1399 922 1547 977 magis
1579 921 1685 965 mihi
1717 922 1868 979 placet

195 975 383 1032 Magni
417 975 631 1030 (»J.-Ber.f·-*
660 976 830 1033 1887s11
857 992 899 1034 p.
928 992 1009 1035 150
1030 979 1116 1034 sq.)
1139 977 1315 1036 opinio:
1349 978 1740 1023 Mallium-Allium
1774 988 1868 1024 turn

195 1041 292 1076 arta
340 1034 507 1077 amoris
554 1034 866 1078 coniunctione
911 1050 1010 1079 cum
1058 1035 1209 1093 puella
1254 1051 1337 1080 sua
1385 1037 1690 1082 consociatum
1730 1038 1870 1082 fuisse

195 1106 342 1147 neque
384 1094 530 1135 minus
571 1101 727 1145 antea,
772 1093 940 1151 quippe
981 1109 1070 1150 qua
1110 1109 1272 1138 versus
1303 1096 1332 1138 6
1363 1095 1544 1139 minime
1588 1096 1868 1153 respiciatur.

194 1146 260 1198 Eo
293 1149 487 1193 enimid
521 1150 702 1207 quidem
736 1159 859 1195 certe
891 1160 1081 1209 apparet
1114 1152 1314 1196 Mallium
1349 1154 1389 1196 in
1432 1162 1614 1211 tempus
1651 1168 1872 1211 praesens

194 1208 409 1263 nullam
443 1208 622 1265 puellae
656 1210 1030 1253 consuetudinem
1063 1211 1289 1255 habuisse.

333 1265 566 1309 Minimum
604 1267 737 1310 etiam
786 1276 1045 1325 quartum
1093 1277 1137 1312 et
1174 1269 1471 1326 Septimum
1517 1269 1695 1314 Riesii
1739 1284 1870 1326 argu·

194 1333 345 1367 menta
376 1325 540 1378 valent,
574 1339 675 1369 cum
709 1325 806 1369 sola
838 1341 865 1369 o
901 1326 1047 1370 inione
1077 1335 1175 1370 orta
1197 1327 1297 1371 sint.
1360 1327 1446 1372 Hic
1469 1327 1585 1372 enim
1609 1328 1665 1372 de
1689 1327 1871 1372 diverso

194 1397 461 1426 sermone
494 1383 741 1426 carminum
775 1341 987 1427 LXlDIIIIa
1007 1393 1051 1427 et
1074 1386 1090 1409 ''
1110 1385 1218 1441 agit,
1253 1400 1354 1429 cum
1378 1401 1450 1429 vv.
1479 1400 1618 1442 1—40
1639 1400 1721 1443 per
1753 1401 1869 1429 corn-

194 1455 328 1483 mune
361 1455 509 1496 genus
542 1441 719 1485 dicendi
761 1442 956 1499 scriptos
997 1457 1100 1486 esse
1139 1444 1346 1501 exponit,
1391 1459 1464 1487 VV.
1496 1458 1548 1500 41
1584 1458 1684 1502 sqq.
1717 1452 1870 1487 autem

193 1513 277 1555 per
309 1500 531 1555 grandem
564 1500 837 1554 orationem,
880 1515 997 1557 quae
1037 1501 1407 1545 translationibus
1439 1502 1651 1546 abundet.
1715 1503 1870 1559 Atque

199 1565 342 1612 erant,
376 1557 452 1613 qui
485 1558 586 1601 huic
618 1566 787 1602 statuto
819 1559 1046 1602 reiciendo
1079 1568 1155 1603 aut
1177 1560 1446 1603 stabiliendo
1478 1575 1663 1617 operam
1697 1561 1870 1614 darent,

193 1629 292 1658 cum
335 1614 540 1671 singulas
572 1631 712 1660 voces
743 1616 786 1660 in
819 1625 1058 1674 utramque
1090 1626 1264 1674 partem
1298 1626 1629 1662 enumerarent.
1692 1616 1869 1675 Simpli-

193 1673 372 1717 cissima
415 1683 565 1717 autern
599 1674 731 1718 huius
763 1674 828 1718 rei
861 1674 976 1718 ratio
1008 1675 1122 1719 haec
1154 1684 1247 1720 est:
1291 1685 1533 1732 utrumque
1574 1684 1738 1734 poema
1778 1690 1870 1720 ser-

193 1746 326 1775 mone
356 1746 465 1775 vere
489 1731 746 1776 Catulliano
779 1733 1079 1790 compositum
1113 1748 1217 1777 esse
1250 1734 1452 1786 videtur;
1486 1735 1567 1778 sed
1591 1749 1627 1778 c.
1652 1733 1871 1778 LXVIII³

193 1804 276 1846 pro
308 1791 590 1845 argumentis
622 1790 759 1834 aridis
792 1790 1028 1834 humiliore
1060 1805 1233 1848 genere
1265 1793 1490 1836 scribendi
1524 1792 1751 1836 conditum
1785 1803 1867 1846 est,

194 1862 295 1891 cum
329 1863 363 1891 c.
398 1847 624 1900 LXVIIIb,
667 1864 757 1906 quo
798 1849 952 1892 variae
984 1850 1152 1894 amoris
1183 1865 1260 1893 res
1303 1859 1625 1905 tractarentur,
1672 1850 1870 1908 copiosis

193 1905 455 1962 ornatisque
489 1906 642 1950 verbis
675 1915 719 1950 et
751 1907 992 1951 enuntiatis
1023 1908 1250 1952 redditum
1283 1909 1352 1952 sit.
1416 1908 1632 1952 Attamen
1666 1908 1801 1952 etiarn
1825 1909 1868 1952 in

193 1978 229 2007 c.
266 1963 475 2007 LXVIIIa
505 1973 660 2022 partes
692 1965 904 2009 eminenti
937 1965 1105 2010 lumine
1137 1966 1387 2010 illustratae
1419 1981 1507 2010 non
1540 1966 1869 2020 desiderantur,

193 2037 343 2078 neque
367 2022 408 2065 in
427 2023 624 2066 carmine
642 2022 855 2066 LXVIIIb
876 2023 961 2067 loci
985 2023 1205 2068 aridiores
1223 2027 1312 2080 (VV.
1331 2025 1668 2082 41s80l82l135)
1691 2025 1869 2069 desunt.

194 2079 350 2123 Potius
392 2080 530 2136 igitur
576 2096 709 2139 quam
753 2081 977 2125 sermonis
1010 2082 1320 2127 diversitatem
1353 2084 1597 2127 ostendere
1630 2097 1868 2140 argumen-

193 2147 338 2182 torum
373 2139 667 2192 dissimilium,
710 2155 827 2197 quae
859 2140 1092 2184 dissimilia
1126 2142 1267 2185 verba
1299 2150 1561 2199 sequuntur,
1596 2141 1870 2185 mentionem

192 2196 343 2240 facere
375 2197 609 2242 debemus.

333 2255 463 2298 Nunc
496 2256 553 2299 de
576 2265 803 2312 quarto,
837 2258 958 2314 quod
989 2257 1224 2301 Riesius
1254 2257 1548 2310 enumeravit,
1583 2265 1869 2313 argumento,

192 2312 249 2355 de
273 2314 465 2371 repetita
486 2314 636 2358 fratris
658 2315 822 2358 mortui
845 2315 1177 2368 lamentatione,
1203 2315 1450 2372 loquemur.
1494 2315 1631 2370 Quod
1655 2315 1711 2358 ad
1735 2330 1869 2372 quae·

194 2370 401 2422 stionem,
435 2380 584 2415 utrum
619 2372 817 2416 carmina
849 2374 1131 2417 secernenda
1162 2373 1250 2417 sint
1272 2388 1426 2427 necne,
1461 2373 1690 2417 minimum
1714 2373 1870 2417 valere

193 2438 316 2486 puto.
378 2428 507 2474 Sitne
542 2431 657 2474 enim
693 2431 971 2476 admittenda
1003 2431 1105 2475 talis
1138 2431 1315 2476 iteratio
1347 2440 1559 2488 quattuor
1588 2446 1803 2475 versuum
1826 2431 1868 2475 in

192 2501 281 2530 uno
326 2488 524 2532 carmine
566 2504 620 2532 an
667 2489 707 2532 in
752 2490 932 2534 duobus
976 2498 1147 2534 tantum
1192 2490 1437 2548 poematis,
1482 2505 1507 2533 e
1550 2504 1632 2533 sua
1677 2489 1868 2547 quisque

191 2545 424 2589 voluntate
457 2547 706 2591 decernere
746 2556 909 2605 potest.
974 2548 1171 2592 Diversa
1214 2548 1352 2605 igitur
1392 2548 1589 2591 virorum
1632 2548 1868 2592 doctorum

191 2603 352 2647 iudicia
392 2605 620 2660 leguntur.
685 2604 877 2650 Constat
918 2607 1098 2664 quidem
1142 2615 1353 2664 quattuor
1394 2606 1729 2650 cohaerentium
1772 2620 1869 2649 ver-

191 2676 323 2706 suum
356 2663 639 2707 iterationem
672 2678 821 2720 neque
865 2664 906 2707 in
939 2679 1029 2708 uno
1061 2680 1209 2722 neque
1251 2664 1292 2708 in
1334 2665 1513 2708 duobus
1551 2664 1744 2708 diversis
1777 2678 1869 2708 car·

192 2719 387 2764 minibus
421 2720 664 2765 Catulliani
699 2722 797 2765 libri
829 2723 1030 2779 reperiri.
1094 2723 1202 2767 Ideo
1223 2731 1373 2766 autem
1395 2723 1531 2766 talem
1554 2722 1866 2780 repetitionem

191 2793 420 2835 nunquam
454 2780 506 2822 ei'
526 2780 710 2837 placere
742 2780 946 2838 potuisse
979 2796 1113 2825 nemo
1146 2780 1258 2825 scite
1290 2781 1543 2825 contendat.

332 2836 484 2880 Obvia
517 2846 668 2881 autem
702 2846 799 2882 erat
831 2839 1054 2883 sententia
1086 2839 1205 2883 illam
1245 2838 1526 2883 iterationem
1559 2837 1867 2895 interpola-

191 2894 349 2947 tione
381 2904 526 2940 ortam
560 2910 676 2940 esse.
739 2896 895 2953 Atque
918 2911 991 2941 vv.
1014 2911 1067 2941 21
1093 2912 1116 2941 s
1184 2933 1192 2942 .
1226 2897 1384 2941 tollere
1406 2897 1649 2940 voluerunt
1670 2895 1867 2940 Froeh-

190 2913 1867 3013 lichius(p.263),Gruppius(p.507)‚weisius(pr.1863p.2gsqq.).
